3570 5574
890 402 931 465 74

186 602 365 692 quandam
397 601 637 674 celebritatem
667 627 710 673 ex
734 604 821 673 urbe
852 602 974 692 aliqua
1003 608 1054 673 sio
1085 608 1121 674 in
1147 606 1239 674 hano
1262 607 1374 674 vitam
1398 626 1441 673 ex
1465 604 1537 674 alia
1561 608 1638 675 vita

185 715 220 777 et
243 716 371 777 natura
399 706 576 794 proiectos
607 706 698 778 alios
730 706 867 793 gloriae
898 711 1040 788 servire,
1073 709 1165 778 alios
1200 712 1390 797 peeuniae;
1424 732 1522 779 raros
1558 732 1639 780 esse

186 811 359 900 quosdam
399 814 460 900 qui
498 816 622 881 ueteris
662 812 830 882 omnibus
868 834 931 899 pro
970 813 1086 883 nihilo
1126 814 1261 884 habitis
1305 834 1424 883 rerum
1469 823 1638 884 naturam

186 916 347 987 studiose
380 919 619 996 intuerentur;
655 917 722 987 hos
758 939 795 985 se
831 916 1012 1004 appellare
1046 920 1243 1004 sapientiae
1278 917 1462 987 studiosos
1498 918 1550 998 (id
1585 929 1642 989 est

186 1025 279 1092 euim
303 1020 577 1108 philosophos);
609 1029 644 1089 et
667 1028 708 1089 ut
729 1019 804 1089 illic
828 1019 1122 1090 liberalissimum
1153 1028 1247 1090 esset
1269 1029 1428 1108 spectare
1452 1022 1545 1091 nihil
1568 1024 1639 1091 sibi

185 1128 436 1212 anquirentem,
462 1129 513 1194 sio
536 1129 573 1195 in
598 1127 672 1194 vita
695 1124 802 1210 longe
825 1127 992 1195 omnibus
1010 1125 1140 1194 studiis
1157 1124 1495 1212 oontemplationent
1521 1149 1638 1195 rerum

184 1233 493 1317 cognitionemque
516 1237 705 1316 piaestaie.
751 1229 792 1297 of.
816 1228 1023 1297 Duemmiei·
1047 1228 1164 1298 Akad.
1189 1253 1223 1317 p.
1247 1234 1319 1299 246.

392 1403 577 1473 Iamblioh.
592 1401 633 1470 V.
658 1402 696 1470 P.
722 1402 794 1471 XII
810 1408 869 1472 58:

133 1571 151 1616 ο
288 1528 402 1612 λέγεται
437 1524 469 1588 δέ
506 1524 681 1610 Πυθαγόρας
714 1529 826 1609 πρῶτος
860 1522 1019 1610 φιλόσοφον
1058 1525 1161 1588 ἑαυτὸν
1194 1529 1430 1609 προςαγορεῦσαι,
1466 1524 1500 1590 ού
1537 1532 1640 1590 καινοῦ

184 1631 271 1716 μόνον
304 1629 445 1716 ὀνόματος
476 1628 611 1714 ὑπάρξας,
646 1627 723 1694 ἀλλά
754 1627 803 1692 καὶ
826 1633 945 1713 πρᾶγμα
976 1628 1081 1691 οἰκεῖον
1105 1626 1355 1713 προςεκδιδοίσκων
1390 1629 1640 1713 (προεκδιδάσκων

184 1737 214 1805 F
230 1734 354 1820 vulgo:
382 1756 468 1803 corr.
483 1733 609 1811 Cobet)
633 1731 792 1820 χρησίμως.
838 1732 963 1796 ἐοικέναι
985 1733 1041 1817 γάρ
1061 1731 1186 1818 ἔφητὴν
1203 1733 1242 1804 εἰς
1259 1732 1307 1795 τὸν
1323 1731 1384 1818 βίον
1399 1739 1456 1796 τῶν
1472 1731 1641 1819 ἀνθρώπων

184 1840 312 1927 πάροδον
335 1845 376 1925 τῷ
395 1837 441 1903 ἐπὶ
465 1840 515 1911 τοὶς
531 1837 704 1923 πανηγύρεις
720 1837 884 1902 ἀπαντῶντι
900 1835 1002 1922 ὁμίλῳ.
1047 1835 1087 1909 ὡς
1105 1838 1161 1923 γάρ
1177 1840 1272 1901 ἐκεῖσε
1287 1835 1466 1902 παντοδαποὶ
1483 1845 1640 1922 φοιτῶντες

184 1939 334 2031 ἀνθριυποι
356 1939 457 2032 Ισίλλος
486 1941 550 2007 κατ’
576 1937 667 2006 άλλου
697 1940 799 2029 χρείαν
829 1939 1000 2027 ἀφικνεῖται,
1036 1939 1051 2004 ὁ
1083 1941 1135 2026 μὲν
1164 1946 1369 2029 χρηματισμοῦ
1391 1965 1422 2005 τε
1446 1941 1495 2006 καὶ
1518 1944 1640 2028 κέρδους

183 2048 269 2137 χάριν
301 2047 508 2132 ἀπεμπολῆσαι
543 2047 591 2110 τὸν
625 2045 730 2132 φόρτον
758 2044 951 2130 ἐπειγόμενος,
987 2044 1002 2109 ὁ
1030 2044 1063 2108 δέ
1092 2045 1176 2129 δόξης
1205 2046 1289 2110 ἕνεκα
1314 2045 1526 2130 ἐπιδειξόμενος
1564 2044 1640 2131 [ἥκει

185 2152 264 2223 incl,
280 2153 400 2234 Cobet]
426 2152 477 2235 την
500 2149 601 2236 ῥώμην
623 2156 674 2213 τοῦ
697 2149 847 2234 σώματος·
871 2148 930 2213 ἔστι
953 2147 986 2212 δέ
1009 2149 1057 2212 καὶ
1080 2148 1172 2236 τρίτον
1196 2149 1271 2222 εἶδος
1293 2149 1326 2213 τύ
1341 2174 1375 2233 γε
1391 2150 1640 2236 ἐλευθεριώτατον

184 2257 404 2342 συναλιζόμενον
437 2254 533 2319 τύπων
562 2255 633 2327 θέας
665 2256 749 2318 ἕνεκα
780 2253 828 2319 καὶ
852 2254 1114 2339 δημιουργημάτων
1144 2259 1242 2318 καλῶν
1271 2252 1319 2317 καὶ
1343 2253 1449 2340 ἀρετῆς
1472 2254 1564 2340 ἔργων
1589 2255 1639 2320 καὶ

184 2360 287 2445 λόγων,
310 2355 351 2424 ὧν
374 2360 404 2424 αἱ
429 2357 578 2432 ἐπιδείξεις
602 2358 741 2423 εἰώθασιν
764 2357 920 2434 {Nauck2
947 2357 1100 2438 εἰώθεσαν)
1124 2361 1153 2422 ἐν
1170 2362 1231 2430 ταῖς
1247 2357 1424 2444 πανηγύρεσι
1439 2357 1571 2443 γίνεσθαι
1599 2397 1638 2407 -

183 2462 275 2538 οὕτως
299 2465 337 2538 δη
359 2463 413 2529 κάν
436 2469 477 2550 τῷ
496 2461 552 2550 βίῳ
575 2464 776 2535 παντοδαπούς
805 2461 977 2548 ἀνθρώπους
1005 2465 1067 2534 ταῖς
1096 2465 1233 2535 σπουδαῖς
1262 2464 1302 2534 εἰς
1325 2462 1413 2526 ταύτό
1436 2461 1640 2548 ἀθροίζεσθαι.

183 2571 248 2643 τυδς
271 2568 323 2654 μέν
346 2570 400 2655 γάρ
423 2567 583 2656 χρημάτων
606 2566 654 2632 καί
678 2574 786 2654 τρυφῆς
810 2567 888 2652 αἱρεῖ
908 2565 1015 2637 πόθος·
1038 2568 1103 2639 τούς
1127 2565 1159 2630 δὲ
1183 2564 1277 2653 ἀρχῆς
1294 2565 1342 2630 καί
1358 2566 1514 2652 ἡγεμονίας
1536 2566 1638 2654 ἵμερος

183 2671 355 2762 φιλονεικίαι
378 2697 410 2737 τε
432 2675 597 2759 δοξομανεῖς
620 2673 808 2759 κατέχουσιν·
833 2671 1071 2756 εἰλικρινέστατον
1094 2669 1126 2734 δὲ
1143 2669 1216 2734 εἶναι
1232 2677 1331 2736 τοῦτον
1347 2669 1505 2756 ἀνθρώπου
1522 2671 1639 2756 τρόπον.

182 2780 231 2843 τδν
253 2777 467 2863 ἀποδεξάμενον
490 2778 541 2862 τήν
563 2783 622 2840 τῶν
644 2774 807 2840 καλλίστων
831 2774 966 2862 θειυρίαν,
990 2773 1022 2840 ὃν
1045 2773 1094 2838 καί
1117 2774 1340 2860 προςονομάξειν
1363 2775 1534 2863 φιλόσοφον.

131 2968 153 3037 d
287 2953 344 3021 Ex
367 2949 554 3020 Heraclide
577 2957 619 3018 ut
648 2953 791 3037 saepius
824 2971 891 3018 sua
914 2950 1036 3018 hausit
1059 2947 1255 3018 Sosiarates
1282 2948 1345 3017 DL
1366 2947 1450 3018 VIII
1474 2956 1512 3018 8:
1548 2949 1644 3013 Σωσι-

182 3055 288 3142 κράτης
311 3054 336 3120 δ’
355 3057 386 3120 ἐν
408 3056 560 3141 διαδοχαῖς
582 3078 669 3139 φησιν
692 3051 779 3117 αὐτόν
802 3054 988 3139 ἐρωτηθέντα
1012 3051 1067 3117 ὑπὸ
1084 3053 1205 3126 Λέοντος
1228 3059 1279 3117 τοῦ
1298 3051 1466 3118 Φλειασίων
1489 3051 1640 3138 τυράννου,

181 3159 222 3234 τίς
246 3158 300 3244 εἴη,
323 3159 481 3247 φιλόσοφος
505 3159 602 3223 εἰπεῖν.
646 3154 695 3221 καὶ
719 3158 774 3221 τδν·
789 3156 851 3242 βίον
874 3157 999 3221 ἐοικέναι
1023 3156 1196 3243 πανηγύρει·
1219 3155 1256 3229 ὡς
1279 3151 1329 3221 οὖν
1353 3158 1393 3229 εἰς
1416 3155 1524 3242 ταύτην
1541 3156 1569 3220 οἱ
1586 3155 1640 3242 μὲν

181 3262 399 3350 ἀγωνιούμενοι,
422 3263 448 3328 οί
472 3261 505 3328 δὲ
527 3261 593 3326 κατ’
619 3259 768 3347 ἐμπορίαν,
791 3261 818 3325 οἱ
842 3261 874 3325 δέ
897 3285 930 3346 γε
953 3261 1094 3347 βέλτιστοι
1118 3259 1252 3348 ἔρχονται
1277 3259 1390 3338 θεαταί,
1420 3258 1513 3334 υύτως
1545 3263 1643 3347 ἐντῷ

181 3367 237 3455 βίῳ
259 3369 286 3433 υί
310 3367 362 3452 μὲν
384 3367 625 3454 ἀνδραποδώδεις,
649 3365 715 3452 ἔφη,
739 3364 859 3453 φύονται
882 3365 966 3450 δόξης
989 3363 1038 3429 καί
1066 3363 1231 3439 πλεονεξίας
1262 3362 1396 3451 θηραταί,
1437 3365 1464 3429 οἱ
1494 3363 1527 3429 δέ
1558 3365 1643 3452 φιλό-

183 3497 267 3559 σοφοι
289 3479 340 3558 της
363 3471 514 3556 ἀληθείας.
559 3473 683 3558 Itaque
707 3470 772 3539 DL
797 3471 956 3542 Prooem.
984 3475 1024 3539 12
1059 3473 1091 3539 si
1129 3469 1174 3539 ad
1214 3469 1429 3539 Sosioratem
1460 3479 1641 3540 auctorem

184 3600 319 3656 revoco,
343 3577 441 3646 haud
465 3577 627 3647 aberrare
651 3576 740 3645 mihi
765 3574 889 3645 videor
912 3597 933 3642 a
956 3596 1049 3646 vero.

634 3748 767 3818 XXIV.
806 3747 897 3835 Περὶ
929 3749 1107 3833 τάγαθοῦ
1140 3747 1184 3812 A'.

812 3870 877 3939 DL
901 3869 933 3937 V
957 3876 1008 3940 87.

183 3959 223 4028 oi.
248 3982 280 4047 p.
306 3965 326 4026 ἵ)
349 3963 478 4029 testim.
508 3965 563 4037 18;
587 3981 620 4046 p.
645 3964 696 4028 43.

610 4131 727 4200 XXV.
765 4131 860 4215 ΙΙρὸς
891 4131 929 4193 τό
960 4128 1140 4212 Ζήνωνος
1172 4128 1215 4192 A‘.

811 4250 875 4319 DL
899 4248 933 4316 V
955 4256 1005 4320 87.

582 4423 715 4494 XXVI.
753 4425 849 4510 Πρός
879 4425 919 4488 τὸ
951 4422 1160 4508 Μήτρωνος
1193 4422 1236 4486 Α’.

809 4545 874 4614 DL
897 4545 930 4612 V
954 4550 1005 4614 87.

755 4806 1062 4816 *—
