3570 5574
172 599 236 686 περὶ
261 601 445 686 νομισμάτων
469 602 497 665 α’
930 605 1150 690 θεωρηματικόν
1174 605 1209 669 α”

173 708 316 790 συνθῆκαι
341 705 378 782 α’,
929 707 1073 796 περὶτῶν
1096 716 1181 798 τριῶν
1203 716 1428 797 τραγῳδοποιῶν
1453 713 1481 777 α’

173 808 310 882 ἀκούσιος
928 820 1111 901 χαρακτῆρες
1135 815 1163 878 α’

173 915 311 1000 ἐρωτικός
928 917 993 1006 περὶ
1016 926 1166 1004 ποιητικῆς
1189 919 1238 984 καί
1262 927 1319 985 τῶν
1342 928 1469 1005 ποιητῶν
1494 922 1524 984 α’

175 1016 225 1084 καὶ
249 1019 385 1093 Κλεινίας
409 1021 437 1084 α’
931 1022 995 1110 περὶ
1019 1031 1187 1111 στοχασμοῦ
1211 1025 1239 1089 α’

131 1177 283 1241 Φυσικὰ
307 1178 360 1242 3²·
930 1136 1110 1215 πρυοπτικῶν
1134 1129 1162 1193 α’

227 1278 235 1301 ι
299 1287 313 1302 .
333 1215 379 1303 ⁶³
447 1289 488 1319 ⁸.
925 1233 1121 1320 Ἡρακλείτου
1145 1234 1293 1307 ἐξανύσας
1316 1234 1341 1297 δ’

175 1305 239 1366 περι
263 1307 312 1346 νου
336 1308 384 1346 και
408 1291 503 1369 ψυχης
972 1339 980 1358 ς
1042 1340 1050 1359 ,
1166 1279 1232 1357 ,¹¹¹
1298 1342 1323 1363 ,‚
1377 1339 1383 1355 ,
1465 1325 1499 1360 ·,

175 1383 225 1449 καὶ
247 1385 312 1450 κατ,
338 1386 414 1451 ἰδίαν
437 1386 502 1474 περὶ
529 1395 624 1475 ψυχῆς
929 1366 999 1425 προς
1022 1364 1070 1402 τον
1091 1341 1269 1423 Δημοκριτον
1296 1364 1444 1424 εςηγησεις
1469 1365 1488 1402 α

176 1488 225 1554 καί
249 1490 313 1576 περί
336 1492 452 1578 φύσεως

176 1594 225 1659 καί
248 1595 312 1683 περὶ
336 1597 464 1662 εἰδώλων
487 1598 557 1683 πρὸς
581 1597 759 1683 Δαμόκριτον

177 1698 242 1786 περὶ
264 1707 321 1764 τῶν
344 1699 474 1786 υύρανῶν

930 1444 1042 1509 λύσεων
1066 1447 1215 1528 ἐριστικῶν
1239 1443 1266 1507 α’
1290 1443 1316 1529 β’

931 1548 1045 1633 ἀξίωμα
1068 1547 1132 1633 περὶ
1158 1550 1242 1612 εἰδῶν
1266 1549 1294 1612 α’

931 1653 1026 1727 λύσεις
1050 1652 1078 1715 α’

933 1759 1081 1843 ὑποθῆκαι
1103 1758 1173 1843 πρὸς
1198 1758 1346 1822 Διονύσιον
1369 1757 1396 1820 α’

177 1803 242 1892 περὶ
265 1812 321 1869 τῶν
345 1809 375 1870 ἐν
398 1803 471 1890 ᾅδου

230 1909 239 1932 ἱ
288 1909 293 1930 l
381 1911 389 1929 Ι
407 1909 433 1935 Η

178 1935 244 1997 περι
266 1912 337 1997 βιων
361 1936 380 1974 α
405 1920 422 1996 ρ

180 2013 270 2080 αἰτίαι
292 2013 357 2102 περὶ
380 2014 472 2079 νύαων
496 2016 523 2079 α’

179 2117 245 2205 περὶ
267 2118 403 2204 τάγαθοῦ
423 2120 450 2184 α’
837 2138 871 2189 20
886 2125 1092 2210 Ῥητορικὰ
1117 2125 1170 2188 δέ·

180 2224 251 2309 πρὸς
273 2225 305 2288 τὸ
330 2223 464 2311 Ζήνωνος
488 2224 517 2289 α’
934 2227 999 2316 περὶ
1022 2235 1072 2293 τοῦ
1096 2228 1260 2315 ῥητορεύειν
1285 2223 1304 2311 i}
1329 2227 1530 2313 Πρωταγόρας

180 2329 251 2414 πρὸς
273 2330 305 2393 τὸ
329 2329 490 2417 Μήτρωνος
515 2329 542 2394 α’

139 2485 395 2569 Γραμματικὰ
423 2488 476 2551 δέ·

181 2589 246 2676 περὶ
269 2598 319 2675 τῆς
338 2591 470 2678 Ὁμήρου
493 2590 542 2657 καί
562 2592 704 2658 Ἱ<Ισιόδου

242 2696 356 2781 ἡλικίας
380 2696 408 2762 α’
427 2697 453 2783 β

181 2799 247 2888 περὶ
266 2801 441 2889 Ἀρχιλόχου
464 2800 513 2867 καὶ
534 2801 665 2887 ’θμῆρου
690 2800 716 2862 α’
741 2799 766 2883 β

838 2645 1096 2731 25Ἱστορικαί·

935 2747 999 2834 περὶ
1022 2750 1078 2812 τῶν
1104 2750 1312 2835 Πυθαγορείων

995 2852 1043 2917 καὶ
1067 2851 1131 2939 περί
1156 2853 1336 2940 εύρημαίτων.

141 2940 217 3007 Καὶ
240 2943 405 3025 μουσικὰ
430 2941 483 3006 δὲ’
933 2957 1019 3023 ’,λλλαί
1045 2956 1092 3022 καὶ
1116 2959 1299 3045 γεωμετρικά
1328 2964 1402 3024 ἐστιν
1434 2957 1524 3022 αὑτοῦ
1550 2957 1600 3022 καὶ

184 3045 247 3133 περὶ
271 3052 327 3110 τῶν
351 3046 420 3134 παρ’
448 3044 590 3132 Εὐριπίδη
614 3041 663 3108 καί
686 3045 779 3128 Eupo·
998 3062 1172 3127 glum-44·

243 3154 309 3216 κλεῖ
329 3151 357 3214 α’
373 3150 399 3236 β
416 3149 441 3235 γ’

184 3255 249 3342 περὶ
272 3262 410 3341 μουσικῆς
434 3255 461 3318 α’
479 3254 504 3340 β’
521 3254 546 3338 γ’

184 3360 296 3426 λύσεων
315 3360 482 3447 Ὁμηρικῶν
506 3358 534 3422 α’
550 3358 576 3444 β’

142 3464 299 3537 400bet
326 3465 349 3528 ε’
407 3472 426 3534 6
460 3462 524 3550 περὶ
559 3461 709 3547 ὀνομαίτων
739 3461 839 3531 codd.
899 3472 932 3531 il
951 3464 1063 3534 Cobet
1079 3464 1249 3549 προοπτικύν
1299 3464 1504 3548 13πρδςτδνῑ
1525 3471 1603 3550 πρῶ-

188 3576 228 3639 12
243 3577 294 3635 ναῶ
315 3568 379 3656 περὶ
397 3576 492 3656 ψυχῆς
512 3568 611 3638 codd.
672 3574 712 3636 16
730 3567 842 3637 Cobet
938 3594 986 3631 τον
1001 3568 1060 3636 ΒΡ
1110 3568 1272 3652 Ῑῖιυίέίωμα
1288 3568 1315 3632 α’
1329 3567 1428 3637 codd.
1476 3569 1602 3637 lior-o·

184 3681 242 3738 τῶν
265 3677 295 3738 ἐν
318 3673 432 3759 οὐρανῷ
502 3679 553 3741 21.
579 3678 620 3740 2‘2
643 3673 674 3735 τδ
700 3672 773 3741 BP:
799 3675 841 3736 ταί.
941 3679 1030 3758 θῆκαι
1052 3672 1079 3736 α’
1097 3672 1196 3742 codd.
1243 3679 1284 3741 26
1307 3677 1362 3735 τῶν
1381 3673 1479 3742 deest
1503 3677 1541 3741 in
1559 3673 1598 3741 Ρ.

186 3787 228 3849 30
252 3779 280 3843 α’
304 3779 330 3866 β’
354 3777 453 3849 codd.
478 3777 504 3861 γ’
529 3777 736 3847 Athenaeus

248 3918 318 3987 Sed
343 3926 534 4005 antequam
559 3915 605 3985 ad
630 3921 709 4005 ipsa
733 3919 931 4005 fragmenta
964 3928 1151 3996 transeam,
1184 3937 1308 4003 operae
1339 3920 1491 4002 pretium
1522 3939 1602 3985 esse

143 4033 230 4111 puto
256 4023 299 4092 de
322 4022 523 4092 Heraclidis
549 4026 676 4092 notitia
711 4024 806 4111 apud
839 4032 974 4092 veteres
1008 4026 1131 4109 paucis
1157 4021 1337 4090 disserere.
1397 4022 1597 4106 Scriptores

145 4151 235 4216 quos
260 4128 403 4216 quidem
427 4126 649 4197 Heraclidem
684 4139 765 4196 ante
798 4128 921 4198 oculos
955 4128 1125 4197 habuisse
1159 4148 1224 4195 nos
1257 4148 1397 4212 quoquo
1430 4146 1473 4191 rx
1503 4126 1598 4208 frug-

145 4237 275 4304 mentis
300 4232 546 4316 intelligimus,
563 4271 604 4280 -·
629 4236 756 4303 omitto
775 4234 961 4321 Ephorum
986 4253 1029 4300 ex
1054 4254 1123 4318 quo
1141 4231 1217 4299 ino
1241 4230 1373 4299 dubius
1397 4232 1537 4316 sumpsi
1559 4269 1597 4276 —

145 4347 231 4408 suut
253 4339 308 4407 hi:

231 4459 501 4546 Theophrastus
535 4509 541 4521 .
579 4509 585 4522 .
622 4511 627 4522 .
664 4510 670 4523 .
710 4509 716 4524 .
753 4511 759 4522 .
820 4459 857 4526 ir.
880 4465 926 4525 m.

233 4567 473 4634 Aristoxenus
494 4610 758 4627 .......
819 4583 898 4649 pag.
917 4567 967 4630 92.

234 4669 427 4739 Clearchus
452 4665 614 4737 Solensis
667 4719 673 4731 .
710 4718 717 4732 .
753 4719 758 4731 .
820 4668 857 4735 ir.
876 4672 926 4735 23.
946 4667 1026 4735 arb.

234 4773 397 4842 Timaeus
421 4771 673 4841 Tauromenita
711 4823 717 4835 .
755 4823 761 4835 .
822 4772 956 4839 fntlc.
974 4776 1024 4838 48.
1043 4775 1093 4839 66.
1113 4775 1249 4837 liudi.

236 4879 411 4965 Epicurus
435 4886 469 4945 et
492 4877 674 4964 Epicurei.
711 4928 717 4941 .
755 4927 762 4941 .
821 4896 899 4962 pag.
919 4880 968 4942 61.
987 4881 1036 4943 lt).

234 4981 446 5064 Idomeneus
470 4981 761 5068 Lampsacenus.
822 4980 859 5048 ir.
878 4986 907 5049 4.
926 4985 953 5050 6.
