3570 5574
839 401 880 463 89

240 605 493 690 Fragmentum
519 602 623 672 valde
651 602 812 674 dubium.
861 603 910 672 Os.
937 603 1036 672 Diels
1061 603 1150 674 Dox.
1176 626 1208 691 p.
1236 608 1297 671 150
1321 604 1362 671 Α.
1389 610 1417 672 2.
1464 604 1587 690 Neque

133 708 250 778 habeo
275 708 371 795 quod
396 708 511 778 dicam
535 707 577 776 dc
601 708 800 777 Heraclidis
825 711 1004 778 mentione
1030 707 1124 794 apud
1149 708 1322 795 Porphyr.
1348 707 1391 775 de
1414 711 1544 779 abstiu.
1571 711 1586 777 l

131 817 192 880 ‘261
224 816 314 876 ταῦτα
346 811 397 896 μέν
426 810 474 876 καί
506 813 540 877 τοί
571 812 652 897 παρὰ
679 811 806 896 Κλωδίῳ
834 810 884 876 καί
910 811 1146 897 Ἡρακλείδῃ
1169 818 1218 897 τῷ
1239 812 1585 899 ΙΙοντικῷἹῖρμάρχιρ

131 941 165 980 τε
195 923 236 1002 τῷ
258 915 453 1002 Ἰίπικουρείιμ
477 914 525 980 καί
549 921 605 989 τοῖς
629 915 687 980 ἀπὸ
712 923 762 1000 της
786 923 870 990 στοάς
893 915 943 980 καὶ
973 923 1023 981 τοῦ
1053 916 1220 1002 περιπάτου.
1277 918 1511 1004 Porphyrius,
1547 927 1587 986 ut

134 1026 223 1090 4—6
247 1043 290 1090 cx
314 1008 521 1100 Plutarcho,
546 1028 652 1090 7-1‘2
676 1044 719 1090 ex
742 1021 958 1091 Hermarcho
977 1023 1151 1110 Hpicureo
1177 1021 1359 1100 delibavit,
1384 1027 1435 1091 ita
1460 1029 1586 1091 13-26

133 1149 179 1195 ex
204 1125 329 1196 Clodio
355 1126 511 1214 quodam
535 1126 771 1214 Neapolitano
798 1124 857 1207 (do
882 1149 951 1214 ηυο
976 1128 1016 1194 cf.
1043 1127 1215 1213 BernayS,
1239 1126 1414 1214 Theophr.
1440 1129 1526 1196 iiber
1549 1127 1581 1197 d.

133 1230 288 1299 Fromm.
313 1253 346 1318 p.
375 1238 413 1300 10
430 1232 522 1318 sqq.)
547 1232 617 1301 sibi
641 1234 805 1319 sumpsit.
852 1231 920 1300 Hie
945 1232 1093 1302 Clodius
1118 1230 1340 1301 Heraclidem
1366 1238 1586 1311 (nostruml)

134 1337 367 1422 exscripsisse
392 1343 427 1404 ct
449 1339 578 1405 citasse
602 1334 760 1414 videtum
791 1336 852 1404 sed
877 1359 919 1405 cx
943 1338 1068 1407 ¹verbis
1098 1336 1289 1423 Porphyrii
1322 1358 1402 1404 cum
1434 1334 1588 1423 quadam

134 1442 210 1507 veri
235 1439 472 1509 similitudine
496 1439 707 1510 Heracliden
730 1445 914 1527 seiungere
939 1441 1027 1511 mihi
1052 1464 1124 1511 non
1149 1444 1307 1525 contigit.
1350 1440 1391 1509 ld
1415 1462 1496 1509 vcro
1524 1462 1587 1526 pro

135 1551 230 1613 certo
266 1542 393 1624 habeo,
428 1545 519 1614 salso
551 1544 762 1614 Rouleaium
787 1567 820 1632 p.
845 1552 887 1615 90
912 1545 1073 1632 aliosque
1098 1544 1322 1615 Heraclidem
1356 1555 1520 1615 nostrum
1543 1546 1588 1614 ad

135 1648 265 1718 ultima
290 1648 407 1718 Clodii
431 1652 539 1720 verba
564 1649 709 1737 (l'orph.
734 1672 767 1736 p.
795 1657 867 1729 104,
894 1657 907 1717 1
936 1659 997 1720 -10
1023 1649 1165 1725 Nauck)
1190 1648 1388 1728 rettulisse;
1420 1650 1588 1720 hocloco

134 1775 218 1822 cum
246 1753 471 1840 Pythagoras
503 1778 582 1825 cum
608 1753 767 1823 eiusdem
791 1758 948 1824 nominis
974 1754 1152 1832 athleta¹t
1188 1753 1442 1828 confundatur.
1477 1755 1587 1822 Hera-

136 1857 267 1928 clidem
291 1858 491 1939 Ponticum,
516 1859 824 1946 Pythagoreorum
849 1859 1030 1931 doctrinae
1062 1859 1382 1933 studiosissimum.
1407 1867 1585 1928 auctorem

136 1984 210 2033 non
242 1963 352 2032 luisse
384 1961 507 2032 clucet.

592 2138 721 2209 XLVI.
771 2137 863 2225 ΙΙερί
895 2137 1130 2224 εὑρημάτων.

775 2261 840 2329 DL
857 2260 890 2326 V
907 2267 956 2331 88.

348 2344 442 2414 l’lut.
469 2347 542 2415 Per.
567 2354 626 2416 27:

236 2463 365 2553 ’Ἴῖφορος
389 2467 420 2532 δέ
445 2466 493 2532 καί
518 2474 662 2558 μηχαναῖς
686 2471 856 2558 χρησασθαι
884 2471 931 2533 τόν
958 2472 1111 2557 Περικλέα,
1135 2473 1185 2555 την
1210 2473 1366 2558 καινότητα
1390 2472 1591 2557 θαυμάσαντα,
1612 2461 1659 2532 θῖ)

134 2569 312 2656 Ἀρτέμωνος
335 2578 386 2636 τοῦ
410 2581 573 2660 μηχανικοῦ
596 2576 745 2661 παρόντος,
769 2571 800 2640 ὃν
823 2576 921 2662 χωλὸν
944 2571 1012 2639 ὄντα
1036 2573 1084 2640 καί
1108 2576 1218 2663 φορείη)
1242 2578 1311 2663 πρὸς
1334 2579 1369 2642 τοὶ
1386 2576 1592 2662 κατεπείγοντα

140 2683 199 2739 των
223 2675 314 2760 ἔργων
337 2676 596 2763 προςκομιζόμενον
619 2679 818 2766 ὀνομασθῆναι
842 2681 1043 2767 περιφόρητον.
1080 2687 1163 2746 τοῦτο
1188 2681 1239 2767 μέν
1263 2678 1313 2746 οὖν
1331 2681 1593 2768 Ἡρακλείδης

139 2779 155 2842 ὁ
183 2781 364 2853 ΙΙοντικός
388 2783 505 2870 ἐλέγχει
527 2788 585 2856 τοῖς
606 2783 805 2870 Ἀνακρέοντος
836 2784 1001 2870 ποιήμασιν,
1037 2790 1066 2851 ἐν
1101 2787 1143 2860 οῖς
1178 2785 1193 2850 ὁ
1228 2788 1418 2873 περιφόρητος
1450 2785 1593 2872 ’,λρτέμων

140 2885 316 2970 ὀνομάζεται
340 2891 460 2958 πολλαῖς
484 2886 647 2973 ἔμπροσθεν
670 2889 795 2973 ἡλικίαις
819 2896 869 2954 τοῦ
893 2889 956 2976 περὶ
981 2892 1079 2975 Σάμον
1102 2891 1230 2976 πολέμου
1260 2889 1309 2955 καί
1339 2897 1395 2955 τῶν
1418 2891 1594 2977 πραγμάτων

141 2987 272 3053 ἐκείνων·
294 2991 342 3054 τὸν
366 2990 393 3055 δ’
417 2990 582 3077 Ἀρτέμωνά
606 3019 677 3080 φησι
699 2994 839 3080 τρυφερόν
862 3020 924 3058 τινα
947 3001 989 3081 τῷ
1007 2994 1062 3081 βίῳ
1085 2996 1134 3060 καί
1158 2998 1227 3082 πρὸς
1251 2997 1316 3068 τοὺς
1332 2996 1439 3082 φόβους
1463 2997 1594 3079 μαλακὸν

140 3089 209 3157 ὄντα
233 3093 281 3158 καί
304 3101 479 3181 καταπλῆγα
501 3097 536 3161 τά
560 3097 655 3161 πολλοὶ
680 3097 731 3182 μὲν
754 3097 829 3164 οῖκοι
860 3100 1049 3177 καθέζεσθαι,
1083 3107 1198 3188 χαλκῆν
1232 3100 1341 3165 άσπίόα
1376 3106 1425 3184 τῆς
1462 3106 1594 3186 κεφαλάς

142 3197 232 3263 αὐτοῦ
255 3202 332 3263 ὀυοῖν
355 3202 475 3265 οἰκετων
499 3201 707 3289 ὑπερεχόντων,
743 3201 817 3268 ὥστε
848 3204 938 3288 μηδέν
970 3208 1105 3288 ἐμπεσεῖν
1128 3212 1184 3269 τῶν
1208 3201 1330 3282 ἄνωθεν,
1355 3207 1379 3270 εἰ
1403 3205 1435 3270 δέ
1459 3204 1594 3290 βιασθείη

141 3307 303 3389 προελθεῖν,
341 3309 370 3369 ἐν
394 3305 522 3392 κλινιῦίιμ
545 3315 699 3394 κρεμαστῷ
718 3309 797 3394 παρὰ
821 3310 872 3392 την
894 3315 947 3393 γῆν
971 3307 1061 3393 αὐτην
1085 3310 1310 3396 περιφερόμενον
1342 3308 1514 3395 κομίζεσθαι
1547 3308 1595 3374 καί

141 3410 191 3472 διὰ
224 3414 308 3474 τοῦτο
338 3415 483 3494 κληθῆναι
514 3412 713 3498 περιφόρητον.
760 3413 799 3482 cl.
824 3415 863 3481 L.
878 3411 1018 3493 Weber,
1043 3416 1301 3494 Anacreontea,
1325 3414 1484 3501 Gotting.
1513 3420 1596 3485 1895

142 3535 176 3600 p.
201 3520 244 3582 92
267 3537 317 3601 sq.
365 3515 407 3584 ln
430 3514 523 3586 libro
547 3516 611 3603 περὶ
635 3517 808 3602 εὑρημάτων
831 3522 939 3606 posui
975 3519 1042 3588 hoc
1077 3518 1326 3603 fragmentum,
1363 3518 1458 3606 quod
1483 3519 1594 3588 Hera-

144 3618 255 3687 clides
281 3619 323 3688 de
349 3624 553 3690 inventione
578 3623 824 3692 machinarum
848 3627 963 3710 egisse
987 3623 1136 3693 videtur.

253 3720 319 3794 His
346 3724 538 3811 adiungam
563 3729 758 3813 fragmenta
781 3728 864 3798 libri
888 3733 924 3797 in
947 3729 1170 3813 Diogeniano
1196 3728 1357 3813 catalogo
1383 3751 1454 3799 non
1480 3732 1595 3799 nomi-

148 3833 237 3905 nati,
268 3834 328 3917 qui
357 3838 476 3900 tamen
508 3837 592 3919 quin
629 3843 672 3903 ab
703 3832 890 3902 Heraclide
924 3842 1046 3903 nostro
1083 3838 1302 3922 compositus
1338 3837 1395 3910 sit,
1430 3831 1597 3914 dubitari,

145 3943 186 4002 ut
208 3933 358 4017 videtur,
384 3956 456 4004 non
480 3944 606 4024 potest.

582 4111 727 4182 XLVII.
774 4113 864 4200 ΙΙερί
894 4114 1154 4202 χρηστηρίων.

354 4251 462 4319 Olem.
487 4253 590 4321 Alex.
616 4260 736 4325 strom.
761 4254 778 4322 l
802 4261 864 4324 323
879 4256 923 4323 C:

338 4370 408 4395 ιν
548 4368 1662 4410 ,νοτιτιιωιιιιμ

301 4399 350 4438 και
373 4401 439 4439 ουτε
461 4401 495 4460 γε
518 4401 603 4460 μονος
626 4401 717 4452 ουτος,
741 4382 817 4441 αλλα
841 4403 889 4441 και
913 4379 1076 4461 uticona
1101 4380 1223 4463 θρφεως
1248 4398 1440 4461 παλαιοτερα·
1465 4381 1596 4460 λεγονται
1619 4366 1664 4437 dl)

143 4479 201 4563 γὰρ
225 4476 360 4564 καὶπερὶ
384 4484 434 4562 της
466 4478 630 4564 ἐπωνυμίας
664 4479 752 4565 αὐτῆς
777 4480 825 4545 καί
856 4480 920 4567 περί
951 4488 1006 4545 τῶν
1037 4488 1177 4568 χρησμῶν
1212 4487 1266 4544 τῶν
1295 4480 1597 4566 καταπεφημισμένων

144 4580 256 4664 ἐκείνης
281 4583 354 4648 εἶναι
377 4583 457 4669 λόγοι
480 4583 608 4657 πλείους·
632 4585 760 4671 Φρυγίαν
784 4612 814 4650 τε
837 4581 926 4651 οὖσαν
949 4590 1110 4671 κεκλῆσθαι
1127 4581 1259 4672 ’Ἄρτεμιν
1287 4582 1335 4648 καί
1366 4585 1471 4669 ταύτην
1502 4609 1596 4670 παρα-

143 4688 300 4772 γενομένην
325 4690 364 4762 sig
388 4691 519 4776 Δελφοὺς
543 4685 628 4776 ᾆσαι·

252 4938 273 5002 ιλ
292 4936 433 4995 Eiusdem
451 4935 503 5004 rei,
523 4953 613 5005 quam
631 4933 759 5004 legimus
777 4935 857 5005 apud
866 4933 1068 5004 Porphyrium
1086 4932 1145 5004 l.l.‚
1160 4932 1242 5004 Diog·
1253 4930 1382 4992 LaVIll
1395 4936 1426 4991 12
1445 4936 1596 4991 auctorem

145 5024 282 5085 nominat
300 5024 479 5087 Favorinum
496 5023 529 5082 in
548 5023 634 5082 tertio
654 5021 946 5083 Commentariorum·
