3570 5574
847 391 883 456 l'l

130 597 204 660 ἰδεῖν
238 596 289 678 τήν
322 592 532 681 παραστιχίδα·
566 590 614 656 καὶ
650 591 713 680 εἶχε
748 592 911 678 Πάγκαλος.
957 587 1039 664 οὖτος
1068 591 1095 656 δ’
1122 587 1157 677 ήν
1189 592 1330 678 ἐρώμενος
1360 591 1524 659 Διονυσίου·
1554 591 1591 666 ὡς

134 699 163 764 δ’
191 699 235 765 ἔτι
265 698 394 764 ἀπιστῶν
425 697 508 782 ἔλεγε
531 697 603 762 κατὰ
626 695 718 785 τύχην
752 697 925 785 ἐνδέχεσθαι
953 693 1045 769 οὕτως
1069 696 1157 785 ἔχειν,
1186 697 1274 763 πάλιν
1298 696 1465 764 ἀπέστειλεν
1488 697 1503 762 δ
1527 700 1592 762 Διο-

132 803 228 877 νιίσιος
251 800 311 869 ὅτι·
334 801 382 868 καὶ
405 809 497 867 ταῦτα
520 800 667 888 εὑρήσεις·

498 941 591 1026 γέρων
613 939 737 1024 πίθηκος
760 939 817 1028 οὐχ
840 939 991 1005 ἁλίσκεται
1012 939 1109 1025 πάγῃ,

498 1043 648 1110 ἁλίσκεται
671 1043 723 1129 μὲν
747 1045 818 1130 μετὰ
842 1044 947 1131 χρόνον
969 1043 998 1109 δ’
1016 1042 1175 1120 ἁλίσκεται,

135 1133 184 1198 καὶ
208 1134 278 1218 πρὸς
301 1132 426 1204 τούτοις·

499 1218 515 1282 ὁ
538 1216 566 1282 δ’
582 1216 778 1304 Ἧρηκλείδής
802 1215 944 1303 γράμματ’
963 1217 1016 1283 οὐκ
1040 1216 1198 1283 ἐπίσταται.

135 1304 151 1372 δ
176 1306 203 1371 δ’
223 1305 366 1394 ήσρύνίλή.

242 1427 336 1512 ὁμὲν
360 1426 459 1497 deest
482 1430 518 1495 in
543 1426 657 1494 raass
702 1423 746 1509 δἸ
772 1425 849 1494 δῬ
896 1425 987 1497 6καὶ
1010 1426 1080 1512 πρὸς
1103 1425 1212 1499 τούτοις
1235 1431 1274 1497 in
1297 1449 1364 1496 ras.
1394 1426 1516 1497 P¹vsl
1540 1425 1592 1495 P'

138 1540 325 1603 evorsum
355 1534 496 1602 restitui
530 1529 598 1595 ὁδ’
625 1530 724 1600 deest
754 1534 790 1599 in
822 1530 922 1602 codd.
976 1531 1132 1618 γράμματα
1162 1531 1262 1603 codd.
1310 1531 1386 1602 'lod
1409 1529 1437 1597 δ’
1456 1530 1591 1620 ᾐσχύνθη

137 1636 257 1706 codd:
294 1659 378 1707 corr.
404 1635 532 1706 Nauck
557 1636 611 1704 Fr.
629 1635 730 1721 Trag.
749 1634 807 1705 Gr.
833 1658 865 1723 p.
883 1642 956 1706 840.
1016 1639 1356 1724 (interpunctionem
1392 1644 1477 1725 post
1510 1636 1591 1721 πάγῃ

140 1745 299 1812 restitui:
323 1741 419 1826 πάγῃ·
444 1739 646 1822 editiones.)

242 1845 389 1915 Talibus
420 1845 550 1914 studiis
579 1847 787 1915 incubuisse
819 1845 1036 1931 Dionysium
1073 1843 1175 1915 docet
1205 1849 1312 1915 etiam
1336 1845 1401 1914 DL
1425 1843 1494 1915 VH
1511 1850 1590 1914 167:

136 1949 186 2015 καὶ
210 1948 269 2015 κατ’
288 1948 383 2036 ἀρχὰς
407 1949 459 2034 μὲν
482 1948 719 2035 φιλογράμματος
748 1946 785 2012 ὢν
808 1952 1001 2021 παντοδαποῖς
1030 1948 1205 2037 ἐπεχείρησε
1233 1949 1399 2033 ποιήμασιν,
1429 1947 1529 2014 ἔπειτα
1557 1948 1592 2014 δὲ

140 2053 190 2119 καὶ
207 2050 328 2139 Ἄρατον
351 2052 524 2140 ἀπεδέχετο,
549 2057 641 2136 ζηλῶν
665 2051 760 2117 αὐτόν.
807 2054 1005 2141 Dionysius
1038 2053 1139 2123 solus
1163 2076 1206 2124 ex
1230 2052 1455 2124 auditoribus
1479 2052 1590 2122 Hera·

138 2156 242 2227 clidis
267 2157 467 2244 discipulus
491 2160 568 2226 eius
592 2161 800 2228 nominatur·
832 2162 871 2236 (t.
890 2163 967 2238 24);
998 2166 1117 2227 tamen
1150 2157 1240 2228 alios
1265 2158 1439 2246 quosdam
1472 2179 1592 2228 eruere

137 2284 342 2351 possumus.
401 2263 455 2330 Ac
484 2264 640 2349 primum
665 2261 808 2350 quidem
840 2261 955 2331 filium
988 2265 1027 2339 (t.
1052 2267 1122 2341 23),
1158 2283 1262 2349 quem
1293 2284 1388 2332 unus
1412 2262 1592 2349 Diogenes

140 2374 201 2443 (ex
235 2366 452 2445 Sosicrate‘l)
487 2369 695 2454 scriptorem
727 2365 840 2447 affert,
876 2387 896 2434 a
925 2372 1026 2453 patre
1058 2364 1188 2434 litteris
1212 2368 1391 2437 imbutum
1415 2388 1493 2436 esse
1517 2370 1592 2436 iure

139 2472 414 2559 suspicabimur.
441 2469 579 2539 Deinde
595 2469 830 2557 spintharum
845 2469 920 2549 (DL
934 2468 966 2536 V
980 2473 1032 2548 92)
1046 2490 1321 2540 commemorare
1333 2470 1425 2540 licet.
1451 2471 1505 2540 De
1525 2471 1594 2542 hoc

140 2575 244 2645 aliter
277 2573 413 2644 iudicat
447 2573 689 2644 Susamihlius
724 2574 792 2644 Rh.
819 2574 865 2641 M.
890 2579 933 2642 49
961 2595 993 2660 p.
1019 2579 1092 2643 475.
1148 2573 1260 2643 Putat
1291 2575 1459 2646 fabellam
1491 2574 1592 2646 illam

140 2701 248 2768 quam
274 2679 471 2766 Dionysius
501 2682 538 2748 in
564 2678 684 2767 aliquo
710 2683 842 2766 scripto
867 2685 1058 2755 narrasset,
1088 2699 1109 2746 a
1132 2677 1349 2766 quibusdam
1372 2678 1420 2758 (ὡς
1443 2678 1523 2756 ἔνιοι)
1548 2679 1593 2749 ad

141 2784 377 2872 Spintharum
388 2782 634 2853 Heracleotam
650 2790 792 2871 poetam
809 2786 992 2869 tragicum,
1002 2802 1106 2868 quem
1116 2781 1378 2871 Aristophanes
1389 2786 1455 2853 Av.
1467 2789 1531 2853 762
1542 2805 1592 2872 sq.

144 2887 277 2969 illudit,
301 2909 379 2957 esse
403 2887 549 2959 relatam
574 2898 608 2957 et
631 2889 727 2958 hunc
743 2887 1054 2973 Parthenopaeum
1079 2887 1309 2973 tragoediam,
1332 2887 1395 2957 sed
1418 2910 1496 2970 suo,
1519 2910 1594 2958 non

141 2992 331 3081 Sophoclis
358 2995 501 3061 nomine
517 2995 736 3078 inscriptam,
761 2994 1014 3078 composuisse.
1061 2991 1190 3061 Nescio
1216 3014 1277 3061 cur
1300 2995 1354 3061 vir
1377 2991 1503 3063 doctus
1520 3015 1593 3063 rem

139 3120 202 3186 per
225 3119 263 3166 se
287 3097 485 3185 simplicem
511 3099 620 3166 tantis
637 3094 912 3166 difficultatibus
929 3096 1196 3165 circumvolvat.
1232 3095 1324 3165 Nam
1348 3099 1380 3165 si
1397 3118 1594 3177 censemus,

141 3203 376 3290 Spintharum
402 3210 564 3272 nostrum
588 3223 662 3270 uon
686 3201 790 3271 illum
815 3203 932 3288 quinti
956 3199 1090 3268 saeculi
1113 3202 1288 3285 tragicum
1312 3199 1375 3269 sed
1398 3222 1417 3270 e
1441 3204 1593 3288 posteris

144 3311 220 3377 eius
254 3329 364 3377 unum
400 3306 521 3384 luisse,
557 3315 591 3374 et
624 3314 786 3377 auctores
822 3309 883 3393 qui
918 3303 1142 3375 historiolam
1177 3303 1278 3373 illam
1312 3305 1516 3386 narrabant,
1552 3303 1594 3375 de

141 3414 286 3480 nomine
310 3432 381 3480 non
406 3409 514 3497 plane
537 3413 773 3488 consensisse,
797 3408 890 3479 nihil
913 3417 1024 3478 restat
1048 3407 1280 3478 difficultatis.
1299 3446 1341 3456 -
1364 3409 1530 3478 Fortasse
1554 3413 1592 3479 in

141 3516 283 3586 duobus
318 3514 491 3584 librorum
526 3512 653 3593 titulis,
689 3536 778 3600 quos
814 3513 917 3582 affert
951 3511 1137 3599 catalogus
1169 3514 1415 3600 Diogenianus
1451 3511 1500 3595 (V
1525 3519 1595 3594 87),

141 3618 255 3688 latent
278 3621 425 3687 nomina
448 3615 646 3686 Heraclidis
672 3617 947 3705 discipulorum:
972 3618 1043 3702 πρὸς
1066 3618 1098 3681 τὸ
1115 3616 1258 3702 Ζήνωνος,
1282 3618 1352 3703 πρὸς
1375 3617 1407 3681 τὸ
1426 3616 1595 3703 Μήτρωνος.

142 3724 296 3794 Etiamsi
324 3722 399 3791 fieri
430 3724 550 3809 potuit
572 3730 612 3790 ut
635 3720 840 3792 Heraclides
876 3730 1000 3791 contra
1033 3721 1195 3792 llleatam
1225 3722 1403 3792 Zenonem
1437 3759 1477 3768 --
1509 3743 1593 3792 nam

142 3827 185 3897 de
216 3827 283 3896 hoc
314 3826 392 3896 solo
423 3829 571 3910 cogitari
599 3834 721 3913 potest
755 3863 796 3873 —
832 3824 965 3895 librum
1002 3830 1202 3913 argumenti
1236 3827 1379 3914 physici
1414 3826 1594 3904 scriberet,

141 3941 262 4002 tamen
287 3931 355 4001 hoc
377 3938 413 4000 et
436 3952 498 4018 per
521 3953 558 3999 se
582 3939 616 3999 et
640 3930 736 4018 quod
760 3934 861 4001 iuxta
876 3931 1057 4001 Zenonem
1074 3931 1200 4010 Metro,
1223 3929 1465 4017 philosophus
1486 3930 1593 4018 plane

141 4037 247 4107 nobis
271 4039 428 4122 ignotus,
453 4037 668 4115 nominatur,
692 4039 764 4105 veri
789 4035 1072 4106 dissimillimum
1097 4042 1161 4104 est.
1208 4034 1376 4106 Nostram
1409 4036 1441 4103 si
1463 4035 1595 4122 probas

142 4144 392 4219 coniecturam,
427 4137 632 4208 Heraclides
669 4162 778 4209 senex
813 4162 893 4210 cum
930 4139 1073 4210 Zenone
1111 4149 1146 4208 et
1179 4139 1340 4210 Metrone
1374 4138 1595 4209 Heracleotis

142 4244 322 4313 similibus
347 4248 434 4313 rixis
458 4247 495 4312 in
518 4244 624 4314 rebus
648 4244 810 4331 physicis
842 4244 1067 4315 contendisse
1090 4244 1275 4332 putandus
1306 4258 1359 4314 est
1383 4252 1489 4331 atque
1513 4266 1595 4313 cum

143 4349 321 4435 Dionysio
345 4352 382 4416 in
406 4350 563 4435 poeticis.
617 4387 622 4392 ·
655 4348 818 4435 Denique
852 4353 889 4420 in
912 4347 1112 4418 Heraclidis
1148 4348 1407 4436 discipulorum
1446 4370 1595 4418 numero

142 4450 378 4522 recensendus
414 4458 469 4520 est
493 4450 708 4522 Chamaeleo
742 4457 803 4539 qui
833 4453 962 4522 dicitur
992 4455 1255 4541 peripateticus.
1314 4451 1499 4538 Ungerum
1535 4456 1597 4539 qui

142 4560 246 4627 vanis
270 4560 389 4626 causis
412 4555 525 4626 fultus
550 4555 628 4637 (1.1.
647 4578 678 4643 p.
698 4560 777 4640 497)
804 4557 1115 4629 Chamaeleontem
1138 4565 1173 4625 et
1189 4579 1269 4626 cum
1286 4556 1355 4626 hoc
1371 4555 1595 4626 Heraclidem

142 4662 226 4733 libri
248 4659 313 4747 περὶ
332 4660 475 4726 Ἡσιόδου
505 4659 554 4726 καὶ
573 4659 717 4748 Ὁμήρου,
748 4661 805 4732 vel
837 4669 877 4730 ut
908 4662 1053 4733 exhibet
1084 4661 1269 4748 catalogus
1299 4658 1364 4747 περὶ
1393 4666 1443 4744 τῆς
1462 4657 1596 4746 Ὃμήρου

142 4764 192 4831 καὶ
211 4765 353 4831 (Ηοιόόοο
384 4765 498 4852 ἡλικίας
534 4776 711 4835 auctorem
746 4769 935 4853 posteriori
965 4771 1116 4855 tempori
1140 4767 1341 4853 adscripsit,
1377 4763 1596 4834 Schraderns

143 4869 274 4941 refellit
298 4870 335 4953 (l.
354 4873 377 4941 l.
395 4894 426 4960 p.
446 4878 510 4940 245
526 4878 628 4958 sqq).
676 4871 740 4938 DL
754 4869 786 4935 V
799 4876 840 4940 92
864 4870 989 4940 tradit:
1015 4871 1197 4956 Χαμαιλέων
1213 4897 1245 4934 τε
1268 4871 1302 4934 τὰ
1326 4867 1391 4955 παρ’
1411 4871 1507 4954 ἑαυτῷ
1526 4894 1596 4954 φησι

143 4975 291 5061 κλέψαντα
315 4974 401 5057 αὐτὸν
425 4979 459 5040 τοὶ
482 4975 546 5062 περὶ
567 4973 710 5060 Ἡσιόδου
741 4973 788 5038 καί
808 4974 942 5061 Ὁμήρου
966 4975 1084 5062 γράψαι.
1129 4975 1302 5046 Videmus
1333 4974 1392 5044 hio
1416 4971 1533 5043 Simile
1558 4981 1598 5042 ut

1374 5115 1390 5169 2
