3570 5574
901 389 943 455 46

757 592 800 659 x.
838 588 925 677 ιιιρι
954 589 1088 674 νόμον.

727 714 734 725 “
826 712 1019 783 DLV87.

405 839 474 907 Cic.
500 837 543 906 de
565 837 655 923 legg.
680 837 732 905 III
758 842 806 905 13.

298 940 455 1020 Faciam,
477 944 608 1019 Attice,
633 950 671 1011 ut
694 944 759 1020 vis,
789 949 825 1010 et
846 938 965 1010 locum
997 941 1107 1008 istum
1136 946 1265 1018 totum,
1299 948 1338 1008 ut
1374 959 1395 1005 a
1429 937 1651 1009 doctissimis

197 1043 364 1115 Graeciae
385 1049 587 1133 quaesitum
611 1055 646 1114 et
669 1046 892 1133 disputatum
917 1051 982 1117 est.
1005 1043 1192 1130 explicabo
1217 1055 1260 1121 et,
1286 1053 1325 1113 ut
1348 1045 1500 1114 institui.
1524 1053 1650 1112 nostra

194 1152 273 1218 iura
294 1154 478 1236 attingam.
521 1157 575 1218 14:
600 1160 682 1238 post
705 1149 797 1231 (scil.
815 1148 1021 1230 Platonem)
1045 1147 1258 1218 Aristoteles
1284 1147 1480 1217 illustravit
1504 1169 1649 1218 omnem

194 1251 291 1322 hunc
315 1256 456 1326 civilem
480 1258 517 1325 in
542 1253 760 1342 disputando
784 1252 903 1324 locum
927 1251 1288 1340 Heraclidesque
1310 1253 1533 1321 Ponticus
1563 1274 1650 1340 pro-

194 1357 306 1428 fectus
330 1360 374 1429 ab
403 1356 526 1430 eodem
550 1358 710 1429 Platone.

404 1516 498 1586 Plut.
525 1515 646 1587 Solon.
670 1517 721 1586 20.

131 1610 175 1679 16
300 1624 353 1683 τῶν
383 1618 411 1683 δ’
437 1614 535 1684 ἀλλων
566 1619 655 1685 αύτοδ
689 1628 746 1698 (sc.
772 1620 915 1698 Σόλωνος)
949 1619 1044 1705 νόμων
1074 1617 1146 1690 ἴδιος
1177 1617 1229 1704 μέν
1259 1618 1384 1704 μάλιστα
1414 1616 1462 1683 καὶ
1486 1617 1651 1704 παράδοξος

197 1718 212 1783 δ
237 1722 364 1787 κελεύων
387 1717 488 1807 ἄτιμον
512 1723 654 1788 sisciaco
678 1726 708 1788 ἐν
732 1723 830 1788 στάσει
854 1723 1014 1810 μηδετέρας
1037 1723 1151 1809 μερίδος
1179 1722 1338 1808 γενόμενον.
1384 1722 1521 1810 βούλεται
1544 1721 1586 1800 δ’,
1611 1721 1651 1795 ῶς

196 1823 283 1903 ἔοικε,
307 1827 347 1912 μή
370 1826 493 1901 ἀπαθῶς
516 1827 585 1914 μηδ’
605 1827 789 1913 ἀναισθήτως
814 1828 893 1917 ἔχειν
908 1828 979 1914 πρδς
994 1829 1026 1893 τδ
1043 1828 1144 1905 κοινόν,
1169 1830 1198 1892 ἐν
1214 1825 1343 1914 ἀσφαλεῖ
1365 1827 1487 1912 θέμενον
1502 1827 1538 1893 τά
1555 1828 1651 1892 οἰκεῖα

195 1927 245 1994 καὶ
268 1937 309 2017 τήν
328 1932 368 2016 μή
398 1937 547 2018 συναλγεῖν
582 1932 656 2019 μηδέ
691 1937 834 1997 συννοσεῖν
861 1938 899 2020 τή
921 1932 1036 2020 πατρίδι
1059 1931 1322 2016 καλλωπιζόμενον,
1353 1928 1415 1999 ἀλλ’
1440 1931 1566 1997 αὐτόθεν
1591 1936 1649 2005 τοῖς

195 2034 231 2098 τά
262 2034 367 2121 βελτίω
390 2034 438 2100 ’καὶ
462 2038 627 2125 δικαιότερα
658 2037 817 2124 πράσσουσι
846 2040 1039 2125 προςθέμενον
1072 2036 1296 2121 συγκινδυνεύειν
1323 2035 1372 2101 καὶ
1396 2038 1515 2122 βοηθεῖν
1539 2043 1652 2122 μᾶλλον

196 2135 216 2219 ἦ
249 2140 411 2226 περιμένειν
444 2141 601 2215 ἀκινδύνως
635 2142 670 2206 τά
704 2149 758 2207 τῶν
791 2142 980 2229 κρατούντων.
1036 2136 1143 2212 ἀτοπος
1177 2139 1209 2204 δέ
1239 2143 1319 2204 δοκεῖ
1345 2139 1395 2206 καὶ
1424 2144 1536 2227 γελοῖος
1567 2141 1584 2205 ό
1614 2167 1652 2229 τη

197 2243 345 2331 ἐπικλήρῳ
368 2245 473 2321 διδούς,
503 2243 538 2311 ἀν
561 2245 576 2311 ὁ
600 2253 710 2332 κρατῶν
732 2245 781 2311 καὶ
805 2247 901 2333 κύριος
924 2246 1045 2331 γεγονῶς
1076 2244 1150 2331 κατὰ
1174 2244 1222 2307 τδν
1245 2244 1331 2330 νόμον
1355 2243 1441 2318 αύτδς
1465 2245 1505 2330 μή
1530 2246 1652 2318 δυνατὸς

197 2341 418 2433 ήπλησιάζειν,
449 2348 504 2414 ὑπὸ
527 2356 580 2415 τῶν
603 2350 719 2436 ἔγγιστα
741 2358 792 2416 τοδ
810 2349 912 2437 ἀνδρὸς
933 2349 1087 2415 ὀπύεσθαι.
1132 2346 1181 2412 καὶ
1204 2353 1287 2414 τοῦτο
1310 2348 1336 2414 δ’
1356 2348 1450 2435 ὀρθῶς
1473 2349 1554 2439 ἔχειν
1577 2351 1652 2423 τινές

197 2477 268 2538 φασι
298 2454 367 2540 πρὸς
402 2454 467 2528 τοδς
497 2455 537 2539 μή
561 2457 735 2541 δυναμένους
764 2459 888 2520 συνεῖναι
923 2455 1058 2531 (συνιέναι
1089 2453 1209 2525 codd:
1239 2458 1390 2524 correxit
1420 2464 1650 2543 anonymus).

196 2558 357 2645 χρημάτων
379 2558 407 2623 δ’
427 2560 512 2624 ἕνεκα
536 2562 735 2648 λαμβάνοντας
759 2559 930 2647 ἐπικλήρους
959 2558 1007 2624 καὶ
1030 2563 1072 2646 τήν
1089 2558 1169 2643 νόμιρ
1192 2559 1456 2644 καταβιαζομένους
1479 2560 1531 2644 τήν
1554 2560 1652 2646 φύσιν.

197 2661 316 2749 δρῶντες
349 2665 405 2751 γάρ
438 2659 463 2751 ήι
490 2666 626 2751 βούλεται
656 2666 706 2750 τήν
737 2665 891 2750 ἐπίκληρον
922 2670 1070 2740 συνοῦσαν,
1106 2660 1125 2748 ή
1156 2662 1330 2749 προήσονται
1356 2665 1405 2729 τδν
1427 2664 1521 2751 γάμον
1543 2661 1563 2749 ή
1588 2664 1649 2750 μετ’

197 2768 337 2857 αἰσχύνης
360 2771 523 2845 καθέξουσι,
555 2769 761 2858 φιλοπλουτίας
791 2767 839 2833 καί
863 2767 974 2855 ύβρεως
1004 2768 1087 2853 δίκην
1109 2771 1243 2844 διδόντες.
1288 2765 1320 2833 εὖ
1344 2769 1372 2833 δ’
1391 2769 1455 2858 ἔχει
1479 2767 1528 2833 καὶ
1551 2771 1584 2834 τὸ
1610 2773 1651 2855 μή

196 2878 291 2949 πᾶσιν,
323 2872 399 2939 ἀλλά
422 2883 476 2940 τῶν
499 2876 641 2962 συγγενῶν
669 2882 719 2939 τού
743 2874 846 2960 ἀνδρὸς
876 2868 900 2959 ᾧ
920 2873 1056 2960 βούλεται
1083 2876 1272 2960 διαλέγεσθαι
1301 2875 1351 2959 τήν
1374 2866 1538 2961 ἐπίκληρον,
1569 2872 1651 2948 όπως

197 2978 303 3041 οἰκεῖον
334 2974 425 3065 ήκαὶ
450 2981 573 3068 μετέχον
600 2980 772 3064 τοῦγένους
801 2980 832 3043 τδ
856 2978 1027 3064 τικτόμενον.
1074 2981 1113 3052 εἷς
1142 2986 1226 3045 τοδτο
1256 2978 1288 3044 δέ
1311 2982 1440 3043 συντελεῖ
1469 2976 1517 3042 καὶ
1542 2980 1574 3042 τδ
1599 2980 1651 3063 τήν

196 3081 310 3168 νύμφην
343 3090 385 3170 τῷ
413 3083 528 3172 νυμφίῳ
562 3082 843 3170 συγκαθείργνυσθαι
877 3083 970 3169 μήλου
1005 3082 1146 3149 κυδωνίου
1185 3089 1423 3170 κατατραγοῦσαν
1468 3084 1647 3159 moraes:

197 3213 366 3274 συγκατατρ.
390 3188 519 3273 codd),
548 3187 597 3252 καὶ
620 3190 652 3253 τδ
675 3187 733 3275 τρὶς
757 3189 879 3254 ἑκάστου
904 3189 991 3274 μηνδς
1015 3188 1200 3277 ἐντυγχάνειν
1229 3188 1344 3261 πάντως
1367 3193 1408 3275 τῷ
1427 3187 1578 3274 ἐπικλήρῳ
1601 3190 1651 3252 τδν

198 3291 332 3378 λαβόντα.
378 3292 426 3358 καὶ
449 3294 505 3378 γάρ
529 3294 553 3357 εἰ
579 3294 619 3379 μή
642 3295 766 3379 γένοιντο
790 3297 899 3369 παῖδες,
930 3293 1007 3357 ἀλλά
1030 3292 1099 3378 τιμή
1126 3319 1167 3365 τις
1191 3292 1293 3379 ἀνδρὸς
1324 3290 1398 3376 αὕτη
1421 3293 1491 3380 πρὸς
1515 3294 1651 3379 σώφρονα

196 3402 317 3483 γυναῖκα
341 3395 388 3462 καὶ
412 3397 610 3484 φιλοφροσύνη
633 3399 727 3463 πολλά
750 3404 802 3462 τῶν
826 3398 1044 3483 συλλεγομένων
1074 3397 1214 3462 ἑκάστοτε
1237 3402 1379 3485 δυςχερῶν
1409 3395 1577 3484 ἀφαιροῦσα
1601 3397 1652 3462 καὶ

196 3506 257 3576 ταῖς
280 3505 432 3589 διαφοραῖς
456 3502 508 3567 ούκ
531 3505 610 3568 ἐῶσα
633 3503 813 3569 παντάπασιν
836 3502 1066 3589 ἀποστραφῆναι.
1111 3508 1164 3566 τῶν
1187 3501 1214 3567 δ’
1233 3498 1331 3567 ἀλλων
1354 3503 1455 3588 γάμων
1479 3501 1585 3588 ἀφεῖλε
1601 3504 1654 3576 τὰς

166 3648 168 3653 -
197 3606 312 3693 φερνάς,
347 3605 447 3692 ἱμάτια
479 3605 542 3693 τρία
571 3606 620 3671 καὶ
649 3609 738 3692 σκεύη
762 3614 865 3693 μικροδ
895 3604 1068 3692 νομίσματος
1092 3601 1158 3681 ἀξια
1181 3607 1331 3682 κελεύσας,
1366 3609 1463 3693 ἕτερον
1494 3606 1527 3671 δὲ
1551 3609 1654 3691 μηδέν,

197 3711 388 3797 ἐπιφέρεσθαι
410 3713 462 3796 τήν
484 3713 676 3797 γαμουμένην.
721 3711 756 3776 ού
771 3713 826 3799 γὰρ
842 3712 979 3797 ἐβούλετο
1003 3711 1181 3798 μισθοφόρον
1204 3711 1268 3776 οὐδ’
1288 3707 1368 3776 ὤνιον
1392 3711 1465 3775 εἶναι
1484 3712 1532 3776 τδν
1547 3711 1653 3796 γάμον,

197 3814 259 3881 ἀλλ’
279 3813 325 3881 ἐπὶ
347 3816 483 3881 τεκνώσει
506 3815 555 3881 καὶ
578 3816 675 3906 χόρια
699 3815 746 3881 καὶ
770 3817 902 3903 φιλότητι
931 3815 1062 3901 γίνεσθαι
1093 3818 1267 3896 (Corseas
1293 3816 1428 3902 γενέσθαι
1453 3815 1570 3898 codd.)
1603 3817 1653 3880 τδν

198 3920 300 4007 ἀνδρὸς
331 3920 380 3985 καὶ
410 3923 543 4006 γυναικὸς
575 3921 762 4006 συνοικισμόν.
807 3921 823 3986 ό
847 3921 898 4006 μέν
921 3922 976 4008 γάρ
1000 3921 1155 3996 Διονύσιος,
1187 3921 1322 4006 ἀξιούσης
1356 3927 1400 3993 ι”ς
1430 3920 1536 4006 μητρδς
1560 3920 1653 3986 αὐτοῦ

198 4023 321 4110 δοθῆναί
349 4050 402 4090 τινι
429 4032 483 4090 τῶν
506 4031 626 4090 πολιτῶν
658 4027 728 4113 πρδς
759 4026 860 4112 γάμον.
896 4026 952 4113 ἔφη
981 4027 1046 4098 τοδς
1075 4026 1127 4111 μέν
1149 4031 1199 4110 τῆς
1227 4025 1342 4099 πόλεως
1370 4026 1474 4111 νόμους
1498 4026 1652 4090 λελυκέναι

197 4136 346 4218 τυραννεῖα,
369 4131 434 4204 τούς
457 4130 490 4196 δέ
512 4137 562 4216 τῆς
585 4130 701 4217 φύσεως
724 4130 777 4196 ούκ
801 4130 873 4195 εἶναι
896 4132 1015 4203 δυνατὸς
1038 4130 1201 4216 βιάζεσθαι,
1226 4130 1335 4216 γάμους
1359 4136 1559 4217 νυμφαγωγῶν
1582 4137 1649 4214 παρ’

197 4234 324 4319 ἡλικίαν·
359 4239 389 4300 ἐν
419 4235 452 4300 δέ
473 4240 535 4308 ταῖς
557 4235 659 4300 πόλεσι
686 4236 737 4320 τήν
761 4234 879 4310 ἀταξίαν
908 4235 1014 4319 ταύτην
1037 4234 1071 4299 ού
1095 4235 1201 4311 δοτέον,
1233 4233 1302 4299 οὐδὲ
1336 4235 1505 4320 περιοπτέον
1535 4233 1652 4320 ἀώρους

197 4338 246 4405 καὶ
280 4338 437 4427 ἀχαρίτους
471 4341 629 4413 ἐπιπλοκὰς
663 4339 711 4405 καί
746 4339 836 4425 μηδέν
870 4340 952 4426 ἔργον
985 4340 1127 4424 γαμήλιον
1161 4339 1288 4426 ἐχούσας
1320 4337 1395 4423 μηδέ
1425 4339 1514 4411 τέλος.
1572 4338 1651 4404 ἀλλά

196 4446 307 4532 γέροντι
339 4445 407 4509 νέαν
441 4443 575 4530 ἀγομένῳ
609 4445 683 4532 φαίη
718 4470 758 4518 τις
793 4442 827 4509 ἀν
865 4445 993 4530 ἐμμελὴς
1031 4439 1131 4531 ἄρχων
1168 4441 1187 4528 ή
1225 4443 1383 4528 νομοθέτης
1422 4444 1453 4508 τδ
1492 4444 1562 4528 πρὸς
1601 4445 1651 4508 τδν

197 4549 379 4636 Φιλοκτήτην

640 4632 691 4709 ,εὖ
714 4642 782 4721 γοδν
805 4636 845 4709 ῶς
868 4640 969 4720 γαμεῖν
993 4634 1071 4722 ἔχεις
1094 4634 1211 4710 τάλας“,

198 4778 245 4844 καὶ
282 4778 346 4842 νέον
384 4779 413 4840 ἐν
450 4774 590 4861 δωματίῳ)
627 4774 766 4847 πλουσίας
803 4774 997 4861 πρεσβύτιδος,
1035 4773 1130 4860 ὥσπερ
1164 4775 1190 4839 οῖ
1225 4775 1365 4859 πέρδικες,
1404 4771 1462 4836 ἀπὸ
1498 4771 1651 4845 συνουσίας

198 4882 398 4970 παχυνόμενον
425 4880 582 4966 ἐξανευρὼν
605 4878 761 4963 μετοικίσει
793 4878 1032 4966 (Stephanus:
1065 4877 1231 4964 μετοικήσει
1254 4876 1373 4960 codd.)
1404 4876 1474 4961 πρὸς
1502 4878 1652 4962 παρθένον

197 4986 310 5073 νύμφην
333 4984 435 5072 ἀνδρὸς
458 4985 607 5072 δεομένην.
