3570 5574
790 444 832 512 δδ

293 645 419 734 Simpl.
444 650 482 717 in
505 647 584 717 libr.
610 646 653 716 de
677 646 774 716 caelo
798 648 833 716 Π
858 653 898 716 13
923 649 971 735 (ρ.
998 650 1090 718 raab
1115 649 1173 730 32)
1198 669 1231 735 p.
1257 648 1382 717 519H:

187 769 218 831 ἐν
241 772 283 851 τῷ
302 767 411 854 κέντρῳ
434 766 466 832 δὲ
490 762 579 832 οὖσαν
601 768 653 853 τήν
675 774 728 853 γῆν
743 765 792 831 καί
809 767 907 854 κόκλῳ
922 769 1098 853 κινουμένην,
1122 769 1170 832 τὸν
1186 765 1219 832 δὲ
1235 767 1356 854 οὐρανὸν
1371 766 1535 853 ἠρεμοῦντα
1555 767 1604 840 53

79 875 130 950 (o:
155 869 273 957 ἠρεμεῖν
297 871 373 956 alii)
391 870 658 958 Ἡρακλείδης
681 869 697 935 δ
723 873 900 945 Ποντικὸς
932 870 1109 957 ὑποθέμενος
1140 871 1243 944 σώζειν
1273 865 1347 957 ᾤετο
1376 871 1412 935 τοὶ
1436 870 1536 957 φαινό-

78 998 154 1059 μενα
180 975 241 1056 (Ft
266 975 317 1060 edo
340 975 518 1063 φαινομένην
541 976 584 1044 A:
610 1000 677 1046 om.
695 977 745 1060 b).

287 1147 405 1217 Procl.
431 1152 469 1217 in
490 1148 584 1219 Plat.
609 1148 697 1218 Tim.
723 1149 830 1218 281Ε
854 1146 979 1217 Schnt

189 1273 246 1332 ποδ
270 1268 306 1353 δὴ
331 1268 374 1350 (δέ
399 1270 439 1349 Β)
463 1264 582 1354 εὔλογον
606 1269 683 1355 ἡμᾶς
705 1269 860 1355 ἰλλομένην
890 1267 1070 1341 άκοόσαντας
1099 1268 1268 1354 είλουμένην
1291 1269 1470 1355 (εἰλουμένην
1492 1264 1605 1351 11154

79 1369 131 1435 καὶ
170 1371 366 1458 στρεφομένην
404 1371 495 1458 αὐτὴν
532 1376 624 1438 ποιεῖν
661 1375 748 1454 (soil.
787 1373 838 1458 τὴν
875 1378 939 1458 γῆν)
977 1372 1017 1446 ὡς
1057 1372 1192 1438 Πλάτωνι
1236 1371 1358 1459 ἀρέσκον
1402 1374 1537 1458 λέγοντας

78 1475 224 1559 (λέγονται
254 1476 311 1557 Β),
340 1475 608 1562 Ἡρακλείδης
638 1476 690 1562 μὲν
720 1473 771 1542 οὖν
802 1475 817 1541 ὁ
843 1476 1041 1555 Ποντικός,
1076 1475 1111 1542 οὐ
1135 1476 1292 1550 Πλάτωνος
1320 1474 1361 1541 ὢν
1383 1476 1536 1563 ἀκουστής,

43 1664 47 1669 ¹
76 1578 188 1663 ταύτην
213 1580 308 1667 ἐχέτω
332 1581 383 1644 τόν
406 1581 500 1660 δόξαν,
530 1587 616 1646 κινῶν
639 1580 739 1668 κύκλῳ
762 1581 814 1665 τὴν
835 1587 902 1666 γῆν·
937 1580 1061 1646 Πλάτων
1090 1580 1123 1645 δέ
1146 1579 1279 1666 ἀκίνητον
1307 1580 1397 1666 αὐτὴν
1417 1582 1536 1665 ἵστησιν.

183 1700 301 1784 Plato,
337 1712 377 1773 ut
411 1703 521 1773 tradit
555 1703 747 1788 Sosigenes
783 1704 878 1792 apud
914 1701 1072 1792 Simplic.
1108 1707 1145 1772 in
1180 1701 1202 1772 l.
1233 1703 1276 1774 de
1310 1703 1408 1774 caelo
1442 1704 1535 1773 Ι112

78 1810 129 1892 (p.
166 1806 261 1875 2291)
300 1812 356 1890 lo)
391 1830 424 1894 p.
457 1807 568 1878 488H
603 1808 643 1876 cs.
677 1830 711 1896 p.
744 1813 808 1876 492
820 1806 865 1887 Η,
900 1806 1089 1894 discipulis
1123 1811 1200 1877 suis
1233 1806 1418 1896 problema
1451 1830 1534 1896 pro-

76 1917 257 1995 posuerat,
287 1910 371 1975 τίνων
407 1909 604 1976 ὑποτεθεισῶν
637 1911 756 1998 ὁμαλῶν
788 1909 837 1975 καὶ
865 1912 1047 1996 τεταγμένων
1081 1911 1222 1997 κινήσεων
1252 1916 1390 1999 διασωθῇ
1411 1913 1447 1977 τὰ
1470 1910 1530 1999 περ’

76 2012 130 2084 τὰς
152 2012 278 2094 κινήσεις
301 2022 358 2080 τῶν
380 2015 580 2099 πλανωμένων
603 2015 789 2102 φαινόμεναθ
834 2015 928 2085 Huio
955 2014 1170 2103 problemati
1193 2021 1348 2102 graviter
1370 2017 1536 2088 incubuit

79 2115 287 2187 Heraclides
313 2128 347 2188 et
370 2119 482 2190 solvit
505 2124 751 2206 quaestionem
776 2123 838 2199 sic.
862 2127 902 2188 ut
925 2118 1061 2189 caelum
1087 2128 1121 2188 et
1140 2120 1253 2189 solem
1278 2130 1381 2201 stare,
1404 2130 1534 2191 terram

76 2224 215 2291 moveri
251 2231 432 2292 statueret.
490 2222 654 2293 Praeisse
689 2247 769 2294 eum
805 2223 934 2293 dicitur
962 2227 1000 2293 in
1031 2224 1099 2294 hac
1122 2228 1300 2294 sententia
1323 2225 1533 2312 Ecphantus

75 2323 329 2412 Pythagoreus
364 2326 521 2408 Siculus,
556 2332 658 2398 cuius
694 2331 761 2398 viri
791 2332 921 2398 notitia
952 2327 1040 2398 solis
1065 2331 1102 2397 in
1127 2326 1274 2397 Pleeitis
1308 2335 1435 2397 exstat.
1491 2329 1534 2398 In

77 2427 278 2515 fragmento
311 2436 351 2499 51
389 2440 512 2502 auctor
545 2437 753 2503 nominatur
787 2436 1000 2512 sententiae,
1042 2440 1172 2500 terram
1207 2441 1305 2501 rotae
1340 2436 1454 2501 instar
1489 2434 1533 2503 ab

77 2554 206 2602 occasu
230 2556 356 2604 versus
381 2544 497 2607 ortum
521 2541 615 2607 circa
637 2544 796 2607 centrum
822 2558 928 2606 suum
944 2539 1088 2607 moveri.
1135 2535 1398 2606 Putabimusne
1419 2537 1533 2606 Hera-

79 2634 210 2707 clidem
250 2644 465 2711 sententiam
500 2664 581 2711 cum
616 2640 854 2712 similitudine
893 2661 914 2708 a
949 2649 1026 2711 rota
1059 2652 1204 2727 sumpta
1238 2663 1281 2711 ex
1315 2641 1534 2729 Pythagorei

87 2744 231 2829 scripto,
255 2743 297 2812 de
322 2765 392 2830 quo
417 2743 510 2814 nihil
533 2755 658 2815 notum
682 2754 746 2826 est,
770 2745 976 2815 delibasse?
1022 2745 1260 2832 Inspiciamus
1284 2767 1374 2833 quae
1397 2752 1535 2834 praeter

85 2844 179 2914 hanc
203 2850 420 2918 sententiam
443 2850 487 2920 de
503 2849 684 2938 Ecphanti
709 2850 871 2920 doctrina
892 2848 1091 2918 traduntur.
1129 2848 1244 2919 Locus
1267 2852 1457 2937 primarius
1480 2860 1536 2921 ast

287 3019 480 3109 Hippolyti
501 3023 658 3093 Refutat.
676 3024 694 3093 Ι
712 3029 752 3092 15
775 3045 808 3110 p.
826 3027 891 3092 boe
915 3022 1032 3091 Diels:

181 3136 348 3228 Ἔκφαντός
382 3167 423 3215 τις
446 3144 623 3230 Συρακόσιος
658 3144 716 3232 ἔφη
747 3145 787 3231 μὴ
820 3143 894 3208 εῖναι
923 3142 1066 3227 ἀληθινὴν
1093 3149 1151 3207 τῶν
1183 3138 1272 3207 όντων
1302 3145 1400 3229 λαβεῖν
1422 3150 1534 3228 γνῶσιν,

80 3242 171 3330 ὁρίζει
194 3245 226 3309 δὲ
250 3244 290 3318 ὡς
313 3245 423 3331 νομίζει
446 3246 561 3335 (ὁρίζειν
584 3249 617 3312 δὲ
640 3249 681 3321 ὡς
704 3247 850 3334 νομίζεται
866 3252 955 3318 ooni.
972 3245 1102 3331 Diels)·
1124 3248 1160 3311 ταὶ
1185 3247 1237 3332 μὲν
1260 3253 1360 3334 πρῶτα
1383 3245 1534 3334 ἀδιαίρετα

78 3347 154 3412 εἷναι
178 3346 301 3434 σώματα
325 3349 372 3415 καί
397 3353 589 3438 παραλλαγαῖς
614 3352 711 3417 αὐτῶν
733 3357 807 3439 τρεῖς
832 3351 983 3439 ὑπάρχειν,
1013 3351 1137 3437 μέγεθος
1161 3357 1263 3440 σχῆμα
1286 3351 1414 3439 δύναμιν,
1443 3355 1472 3427 ἐξ
1495 3349 1535 3417 ὧν

74 3452 111 3516 τὰ
155 3454 281 3536 αἰσθηταὶ
316 3454 473 3540 γίγνεσθαι.
531 3456 603 3522 εἶναι
637 3456 669 3522 δὲ
703 3458 735 3522 τὸ
771 3459 883 3541 πλῆθος
917 3454 1013 3520 αὐτῶν
1045 3455 1204 3542 ὡρισμένον
1232 3455 1281 3521 καί
1309 3463 1392 3522 τοῦτο
1415 3452 1534 3543 ἄπειρον

79 3554 121 3634 (ιδ
144 3554 193 3620 καὶ
224 3555 278 3621 οὐκ
307 3554 335 3622 ά.
358 3564 448 3631 coni.
472 3559 632 3649 Roeper:
667 3567 741 3632 veri
775 3561 932 3632 similius
969 3559 1222 3647 Gottingenses
1257 3560 1425 3648 ὡρισμένων
1458 3562 1533 3627 κατὰ

74 3664 169 3735 τοῦτο,
193 3656 333 3748 όίπειρον).
378 3667 521 3729 κινεῖσθαι
553 3664 586 3730 δέ
614 3667 651 3731 τά
682 3664 804 3751 σώματα
833 3665 906 3751 μήτε
936 3663 991 3728 ὑπὸ
1014 3664 1120 3752 βάρους
1144 3664 1217 3750 μήτε
1239 3670 1361 3750 πληγῆς,
1390 3665 1457 3732 ἀλλ’
1478 3665 1534 3731 ὑπὸ

75 3763 159 3837 θείας
183 3765 344 3851 δυνάμεως,
375 3763 410 3852 ἣν
433 3777 499 3833 νοῦν
521 3767 571 3834 καὶ
595 3771 692 3858 ψυχὴν
715 3770 928 3857 προςαγορεόει.
973 3769 1074 3835 τούτου
1106 3768 1157 3855 μὲν
1186 3764 1306 3833 οὖντὸν
1329 3769 1436 3856 κόσμον
1460 3770 1534 3836 εῖναι

73 3869 158 3932 ἰδέαν
181 3874 278 3950 (corr.
296 3870 450 3960 Roeper:
475 3879 527 3938 τοῦ
550 3872 602 3959 μὲν
625 3868 677 3939 οὖν
699 3899 722 3938 τ.
738 3901 763 3938 κ.
780 3875 887 3939 εἰδέναι
911 3874 982 3940 ἰδεῖν
997 3874 1103 3953 libri),
1126 3872 1165 3938 δι’
1184 3870 1199 3937 ὃ
1223 3871 1271 3937 καί
1288 3879 1460 3961 σφαιροειδῆ
1477 3874 1532 3940 ὑπὸ

75 3970 160 4045 θείας
193 3974 387 4062 (Gottingt
420 3982 501 4062 μιᾶς)
534 3977 685 4063 δυνάμεως
718 3979 873 4064 γεγονέναι.
928 3980 980 4065 τὴν
1012 3977 1044 4042 δὲ
1072 3984 1125 4062 γῆν
1149 3976 1235 4063 μέσον
1258 3977 1368 4063 κόσμου
1391 3982 1534 4045 κινεῖσθαι

71 4079 117 4159 (ἐν
141 4077 222 4163 μέσῳ
245 4105 270 4142 κ.
293 4105 319 4143 κ.
342 4081 459 4151 Zellar
482 4084 586 4166 coni.)
608 4081 674 4169 περὶ
696 4083 729 4147 τὸ
753 4083 843 4168 αὑτῆς
865 4084 980 4168 κέντρον
1003 4081 1043 4156 ὡς
1079 4080 1150 4162 (ἀπὸ
1173 4082 1284 4155 δόσεως
1308 4083 1386 4153 add.
1408 4082 1532 4164 Zeller)

69 4180 142 4266 πρδς
166 4179 319 4247 άνατολάν.

176 4285 287 4356 Vides
328 4288 568 4373 fragmentum
611 4295 938 4379 corruptissimum,
982 4290 1044 4359 sed
1081 4289 1123 4359 de
1157 4291 1338 4378 Ecphanti
1372 4292 1534 4361 doctrina

75 4391 230 4478 (praeter
252 4392 292 4461 fr.
311 4394 369 4475 51)
395 4398 554 4463 unicum.
602 4393 695 4465 Nam
721 4396 784 4465 ubi
807 4395 897 4465 alias
914 4400 952 4466 in
969 4395 1116 4464 Placitis
1140 4399 1336 4464 sententiae
1353 4396 1533 4483 Elephanti

73 4493 283 4578 afferuntur,
314 4497 411 4566 nihil
443 4502 629 4569 continent
659 4503 744 4569 novi
775 4509 816 4570 ut
849 4523 881 4587 p.
907 4505 968 4571 321
984 4500 1034 4568 D:
1063 4494 1229 4585 Ἔκφαντος
1263 4501 1314 4563 ἕνα
1337 4500 1386 4563 τὸν
1408 4498 1532 4585 κίσμονς

68 4621 105 4687 p.
131 4601 257 4670 330D:
277 4595 445 4687 Ἔκφαντος
468 4602 501 4665 ἐκ
525 4601 577 4687 μὲν
599 4608 658 4667 τῶν
679 4602 797 4690 ἀτόμων
821 4603 990 4669 συνεστάναι
1013 4603 1060 4667 τὸν
1083 4600 1200 4689 κόσμον,
1224 4606 1397 4669 διοικεῖσθαι
1419 4603 1452 4668 δὲ
1476 4602 1531 4668 ὑπὸ

69 4702 222 4790 προνοίας,
256 4729 290 4795 p.
327 4706 453 4775 286D:
486 4701 654 4791 Ἔκφαντος
693 4708 889 4795 Συρακοόσιος
928 4707 967 4780 εἷς
1005 4713 1063 4770 τῶν
1099 4705 1308 4794 Πυθαγορείων
1345 4707 1460 4771 πάντων
1494 4708 1530 4772 τά

68 4807 226 4896 ἀδιαίρετα
250 4809 374 4894 σώματα
397 4808 447 4874 καὶ
470 4811 502 4875 τδ
527 4810 609 4875 κενόν
642 4814 729 4892 (soil.
755 4811 849 4901 ἀρχάς
874 4813 968 4894 εῖναι).
1013 4812 1064 4885 τὰς
1087 4812 1142 4898 γάρ
1168 4812 1372 4899 Πυθαγορικὰς
1404 4811 1531 4897 μονάδας

67 4908 153 4986 οὗτος
185 4920 299 5001 πρῶτος
332 4912 502 5001 ἀπεφήνατο
535 4916 709 5002 σωματικάς,
745 4920 809 4988 ubi
843 4918 1013 4988 monades
1049 4916 1278 5004 Pythagorae
1313 4937 1530 4987 commemo-

67 5025 204 5099 rantur,
239 5019 284 5089 ad
321 5040 411 5108 quas
436 5020 665 5108 Ecphantum
697 5031 737 5091 ut
768 5022 1035 5110 Pythagoreum
1068 5025 1106 5091 in
1136 5020 1298 5092 doctrina
1329 5024 1532 5092 atomistiea
