3570 5574
783 412 821 479 ‘Il

76 614 225 699 γεγονότες
249 614 327 692 ἔνιοι,
353 614 522 702 θοολόμενοι
547 617 745 690 διασώζεσθαί
768 643 794 681 τι
816 623 867 703 της
883 617 1038 704 ἀναπνοῆς,
1064 621 1088 684 εί
1105 617 1153 684 καί
1170 619 1210 705 μὴ
1227 619 1366 707 φαίνοιτο,
1390 619 1531 706 κτηδόνας

78 719 156 806 ἐρίου
190 721 380 805 διεξαμμένου
414 727 559 807 καταρτηῖν
593 747 664 808 φασι
692 728 799 809 χρῆναι
828 723 883 808 πρδ
913 729 964 808 της
994 723 1077 810 ῥινός,
1109 725 1150 797 είς
1172 725 1329 810 διάγνωσιν
1352 725 1458 813 ἀκριβῆ
1481 735 1532 792 τοδ
1597 744 1599 749 “

78 823 222 910 φέρεσθαί
255 850 281 889 τι
312 832 426 910 πνεῦμα
460 826 508 891 διά
536 832 586 911 τῆς
617 825 763 911 ἀναπνοῆς
793 825 862 892 εἴσω
893 852 925 892 τε
956 826 1005 892 καί
1036 824 1120 901 αὖθις
1145 828 1215 903 ἔξω·
1250 829 1322 902 τινὲς
1346 829 1378 895 δὲ
1401 832 1475 896 κατὰ
1499 833 1531 896 τδ

79 930 170 1015 στόμα
205 937 255 1015 της
288 932 411 1017 γαστρὸς
445 932 605 995 ἐπιτιθέναι
641 931 807 996 κελεύουσιν
841 933 974 996 λεκάνιον
1010 930 1113 1006 ἱίδατος
1148 933 1265 1018 μεστόν,
1304 931 1440 1018 ἀκίνητον
1477 937 1532 1023 γάρ

77 1035 204 1120 ἀκριβῶς
227 1035 475 1123 ρολαχθησεσθαι
499 1037 530 1100 τὸ
555 1035 649 1122 ὑγρόν,
673 1037 697 1099 εἰ
722 1036 812 1121 μηδὲν
835 1034 911 1109 δ’λονς
935 1037 1057 1111 σώζοιτο
1080 1044 1130 1122 τῆς
1154 1037 1321 1122 ἀναπνοῆς.)

181 1209 354 1278 Videmus
379 1213 488 1295 igitur
512 1212 714 1296 quaestioni
738 1211 783 1278 ab
801 1209 989 1280 Heraclide
1012 1214 1050 1280 in
1074 1210 1230 1281 medium
1247 1210 1407 1298 prolatae
1424 1216 1530 1282 etiarn

76 1319 312 1401 posteriorum
343 1323 542 1402 temporum
576 1314 796 1384 medicos-
820 1336 903 1384 nam
935 1313 1091 1385 medicos
1115 1316 1226 1386 fuisse
1249 1315 1315 1387 τοδς
1334 1314 1532 1402 Ἡρακλείδου

77 1415 194 1504 ὕστερον
210 1416 363 1502 ’γεγονότας
377 1417 492 1488 elucet
509 1457 545 1464 —
566 1439 710 1506 operam
728 1418 878 1488 dedisse.
904 1419 977 1488 Nec
993 1441 1075 1488 vero
1088 1411 1295 1488 Heraclides
1312 1423 1532 1489 curationem

78 1526 321 1592 examInitatis
345 1531 527 1610 tamquam
552 1545 573 1592 a
596 1546 634 1592 se
658 1528 736 1611 ipso
761 1523 891 1593 factam
916 1528 1094 1611 exposuit,
1118 1522 1179 1592 sed
1205 1527 1312 1593 etiam
1336 1523 1379 1593 de
1403 1525 1471 1593 huc
1495 1546 1531 1593 re

78 1630 319 1714 antiquas-ut
342 1625 492 1708 solebat,
516 1649 688 1715 personas
712 1631 870 1697 suaviter
892 1629 975 1697 fecit
997 1627 1252 1716 colloquentes.
1310 1627 1387 1698 Hoc
1427 1631 1532 1699 nobis

79 1735 210 1800 excitat
233 1736 477 1819 quaestionem
503 1731 545 1800 de
569 1753 675 1801 scena
699 1731 842 1816 dialogi.

181 1835 325 1905 Praeter
363 1837 449 1905 haec
488 1858 580 1923 quae
626 1837 752 1910 attuli.
800 1839 922 1904 omniu
968 1857 1059 1924 quae
1104 1834 1147 1904 de
1193 1835 1394 1905 Heraclidis
1439 1835 1531 1907 libro

78 1943 296 2008 accuratiora
342 1945 475 2010 scimus
522 1940 693 2010 debemus
739 1939 883 2009 Timaeo
929 1939 1209 2010 Tauromenitae.
1286 1939 1531 2010 Gravissimus

80 2043 251 2127 Diogenis
287 2054 410 2114 auctor
446 2050 482 2114 in
518 2049 592 2114 vita
622 2043 851 2131 Empedoclis
887 2057 941 2113 est
972 2043 1214 2132 Hippobotus,
1249 2066 1293 2114 ex
1317 2066 1386 2131 quo
1412 2048 1532 2115 omnia

78 2169 169 2234 quae
202 2172 244 2218 ex
276 2149 419 2219 Timaeo
456 2150 558 2219 affert
586 2148 767 2220 delibavit.
813 2149 899 2218 VIII
922 2153 1062 2218 tto—72
1093 2148 1145 2230 (ἔτι
1168 2147 1216 2213 κοὶ
1240 2154 1288 2212 νῦν
1311 2149 1533 2236 περιφέρονται),

82 2256 184 2321 cuius
208 2259 382 2339 segmenti
406 2255 514 2339 longe
536 2257 694 2324 maxime
724 2275 807 2341 pars
844 2292 883 2300 -
921 2257 1077 2340 exceptis
1110 2273 1200 2339 quae
1229 2252 1459 2340 Hippobotus
1491 2275 1533 2322 ex

80 2355 209 2443 Satyro
246 2362 332 2441 (60),
372 2359 566 2446 Hermippo
603 2361 688 2441 (69),
727 2357 885 2426 Diodoro
923 2360 997 2439 (70)
1035 2354 1173 2425 addidit
1208 2366 1242 2425 et
1276 2356 1456 2441 Diogenes
1491 2376 1533 2425 ex

82 2461 259 2533 Favorino
286 2466 360 2545 (63)
393 2502 431 2510 -
464 2463 571 2533 fluxit
594 2485 611 2530 e
634 2461 792 2541 Timaeo,
829 2462 1015 2531 abaer¹tio
1047 2464 1154 2531 verbo
1188 2471 1293 2530 tenus
1317 2460 1532 2531 translatum

78 2578 133 2633 est
171 2590 213 2636 ex
253 2566 473 2655 Hippoboto.
512 2571 575 2655 qui
613 2569 651 2634 in
689 2566 760 2635 fine
798 2568 973 2651 segmenti
1010 2576 1149 2652 pugnat
1187 2576 1310 2636 contra
1347 2565 1531 2636 Timaeum

79 2676 137 2743 (72
160 2672 278 2754 med).
336 2673 392 2742 Ex
427 2672 634 2760 Hippoboto
674 2683 728 2742 est
763 2675 868 2741 etiarn
899 2674 1042 2740 initium
1074 2674 1180 2750 vitae,
1214 2671 1277 2741 ubi
1300 2669 1532 2758 Hippobotus

77 2773 261 2846 Timaeum
286 2787 321 2846 et
354 2784 412 2855 (ex
437 2776 623 2857 Timaeo‘l)
654 2775 877 2845 Heraclidem
913 2778 1007 2845 citat.
1023 2777 1050 2856 1)
1109 2773 1275 2843 Timaeus
1311 2782 1534 2861 pugnaverat

78 2888 205 2948 contra
228 2880 428 2951 Heraclidis
452 2881 585 2951 librum
608 2879 673 2966 περὶ
696 2880 797 2956 νόσων,
821 2902 864 2949 ex
889 2902 958 2967 quo
984 2881 1070 2948 haec
1095 2877 1279 2948 attulerat:

288 3073 353 3142 DL
377 3071 463 3142 VIII
479 3078 538 3140 51:

184 3210 292 3295 ὁμοίως
316 3212 404 3293 (scil.
422 3210 550 3297 Τιμαίῳ)
574 3209 622 3274 καί
641 3207 907 3295 Ἡρακλείδης
936 3211 974 3272 έν
997 3213 1043 3293 τῷ
1061 3206 1148 3294 περὶ
1171 3206 1301 3284 νόσων,
1331 3203 1375 3270 ’ὁτι
1399 3211 1533 3293 λαμπρᾶς
1554 3208 1601 3280 74

79 3312 115 3399 ἦν
138 3315 239 3394 οἰκίας,
264 3316 513 3403 ἱπποτροφηκότος
536 3321 587 3379 τοῦ
609 3314 738 3387 πάππου,
764 3312 851 3392 (scil.
867 3311 1094 3397 Ἐμπεδοκλῆς).

287 3508 351 3577 DL
376 3506 462 3576 VIII
477 3512 536 3577 60:

178 3645 445 3732 Ἡρακλείδης
478 3644 505 3710 δ’
536 3648 573 3709 ἑν
606 3651 655 3730 τῷ
685 3641 772 3728 περὶ
806 3642 930 3705 νόσων
964 3639 1035 3727 φησὶ
1064 3638 1113 3704 καί
1140 3639 1291 3724 Παυσανίᾳ
1323 3638 1533 3726 ὑφηγήσασθαι
1555 3644 1601 3716 75

79 3751 166 3815 αὐτὸν
189 3750 274 3834 (scil.
292 3749 508 3836 Ἐμπεδοκλέα)
531 3749 565 3814 τά
590 3746 654 3833 περὶ
677 3747 728 3833 την
751 3743 868 3810 ἄπνουν.

288 3942 352 4011 DL
376 3940 464 4009 VIII
479 3945 536 4009 67:

178 4078 425 4168 Ἡρακλείδης
460 4078 511 4163 μέν
544 4079 600 4164 γάρ
633 4078 676 4141 τά
712 4074 794 4161 περὶ
824 4081 885 4160 τῆς
916 4069 1029 4139 ἄπνου
1061 4071 1282 4157 διηγησάμενος,
1318 4069 1358 4143 ὡς
1387 4069 1532 4153 ἐδοξάσθη
1553 4074 1601 4147 76

76 4187 281 4273 Ἐμπεδοκλῆς
304 4182 479 4256 ἀποστείλας
502 4183 553 4267 την
576 4181 679 4267 νεκράν
703 4176 858 4266 ἀνθρωπον
881 4184 988 4254 ζῶσαν,
1013 4173 1099 4262 φησίν
1121 4172 1165 4240 δ’τι
1182 4173 1285 4240 θυσίαν
1301 4173 1445 4239 συνετέλει
1461 4174 1532 4258 πρὸς

78 4297 120 4378 τῷ
152 4290 359 4363 Πεισιάνακτος
387 4287 476 4374 ἀγρῷ.
532 4286 738 4369 συνεκέκληντο
768 4283 800 4348 δέ
830 4290 887 4348 τῶν
920 4281 1013 4369 φίλων
1040 4279 1121 4357 τινές,
1157 4283 1187 4344 έν
1210 4279 1252 4353 οἷς
1284 4276 1332 4343 καί
1357 4274 1532 4349 Παυσανίας.

79 4397 141 4461 εἶτα
165 4396 237 4481 μετὰ
261 4395 312 4478 την
336 4391 464 4480 εὐωχίαν
487 4391 513 4454 οί
538 4390 589 4475 μέν
612 4386 697 4455 ἄλλοι
719 4388 914 4475 χωρισθέντες
936 4383 1125 4460 ἀνεπαύοντο,
1149 4384 1175 4448 οἱ
1192 4382 1243 4467 μέν
1260 4381 1315 4447 ὑπὸ
1332 4382 1390 4454 τοῖς
1406 4380 1532 4466 δένδροις

1456 3995 1517 4053 N

183 4673 206 4738 ι)
233 4670 305 4741 orric
332 4674 394 4728 totu
424 4666 593 4727 Heraclidis
618 4665 726 4724 notitia
750 4664 782 4722 in
806 4664 867 4723 vita
889 4661 1081 4733 Empedoclis
1105 4660 1233 4730 Diogeni
1257 4677 1311 4730 per
1327 4656 1532 4727 Hippobotum

77 4780 95 4818 a
119 4759 239 4817 Timaeo
267 4756 359 4827 venit,
387 4773 447 4813 uon
474 4753 567 4825 probo
595 4751 706 4812 Sturzii
733 4750 934 4810 coniecturam
962 4749 1015 4819 qui
1042 4748 1094 4806 DL
1105 4745 1181 4805 VIII
1200 4751 1234 4803 52
1261 4747 1297 4800 ἔτι
1316 4747 1344 4800 δὲ
1359 4741 1533 4818 Ἡρακλείδης

78 4846 209 4904 scribere
236 4843 303 4901 vult
330 4862 383 4913 pro
410 4841 518 4902 tradito
545 4842 583 4895 ἔτι
610 4860 638 4894 τε
667 4837 829 4912 δροίκλειτον.
877 4837 909 4896 Si
934 4835 1062 4905 legimus
1083 4832 1264 4909 Ἡρακλείδης,
1292 4830 1368 4889 illud
1386 4832 1422 4885 ἔτι
1441 4846 1532 4888 sensu
1609 4895 1611 4899 y

78 4949 179 4991 carere
197 4930 271 4989 mihi
290 4928 417 4987 videtur.
453 4929 489 4986 cf.
509 4928 599 4986 etiam
618 4925 768 4984 Zellerum
786 4925 838 4984 Ph.
859 4925 887 4983 d.
909 4923 942 4982 (l.
963 4923 997 4981 l⁴
1016 4941 1043 4993 p.
1061 4925 1119 4980 568.
1159 4920 1245 4979 Certe
1262 4918 1314 4978 illo
1332 4919 1397 4978 loco
1417 4935 1476 4975 nou
1495 4916 1534 4975 de

77 5023 179 5078 nostro
198 5013 356 5076 Heraclide
375 5014 480 5084 agitur.
