3570 5574
749 403 847 470 Δ85

97 605 180 691 ήκειν
205 607 310 681 αότοδς
333 608 479 672 συνέπεσε.
504 608 663 685 κάλλιστον,
695 609 785 694 οἶμαι,
809 615 892 673 τοῦτο
916 608 1062 694 ἡγήσαντο
1087 608 1227 697 ὑπάρχειν
1251 608 1346 683 αὐτοῖς
1370 609 1552 674 καθεύδοντα

98 711 186 776 αάτδν
223 716 359 790 ἐκθεῖναι,
396 713 464 798 πρὸς
499 717 530 777 τὸ
562 713 636 798 μηδέ
668 715 708 786 εἰς
739 710 770 778 ἀν
794 713 972 778 ἀποπλέουσι
994 714 1081 777 τόπον
1105 713 1163 778 εἴτε
1186 714 1255 800 πρὸς
1286 717 1326 779 ἕω
1361 712 1407 795 (εἴ.
1430 741 1476 801 πρ,
1502 717 1551 779 ἕω.

100 817 177 886 add.
195 818 340 897 Buttm.)
365 815 422 880 εἴτε
446 818 515 902 πρδς
539 818 663 904 ἑσπέραν
686 824 861 903 γνωσθῆναι.
896 818 927 882 τό
951 844 982 883 τε
1005 822 1109 883 παθεῖν
1133 845 1159 882 τι
1181 819 1229 882 τὸν
1250 817 1394 883 Ὀδυσσέα
1419 819 1474 884 ὑπδ
1489 826 1552 884 ’τῶν

100 923 312 1009 περιτυχόντων
342 922 419 1009 τάχα
450 921 501 1006 μὲν
532 921 601 996 ἴσως
625 923 709 987 οὐδέν
734 923 829 996 αὐτοῖς
853 925 985 1010 διέφερεν
1018 924 1182 1010 (συνέφερεν
1206 925 1362 1002 Buttm.)
1394 924 1496 1010 ἐπειδή
1519 950 1552 1010 γε

101 1025 176 1107 (ἐπεί
200 1029 232 1090 δέ
255 1051 303 1112 γε;
329 1028 577 1109 (³0r1·.Bu)tm.)
609 1027 705 1102 αὐτοῖς
738 1030 901 1116 συμβέβηκε
933 1028 1023 1114 μηδὲν
1053 1030 1091 1101 εἰς
1124 1027 1210 1093 αότδν
1234 1028 1386 1115 ἀσεβῆσαι,
1416 1028 1552 1114 καθάπερ

98 1131 261 1218 ἀπέσχοντο
286 1132 357 1216 μετά
382 1139 438 1196 τῶν
462 1138 591 1198 σπονδῶν
616 1135 656 1206 εἰς
679 1135 729 1218 τῆν
746 1133 869 1220 πατρίδα
886 1133 1055 1218 ἀπαγαγεῖν.
1100 1133 1134 1198 υιί
1152 1134 1208 1218 μήν
1232 1132 1309 1219 (μένῑ
1329 1156 1413 1204 corr.
1429 1133 1550 1216 Dind.)

97 1236 176 1301 ἀλλά
202 1235 230 1301 εί
252 1262 314 1300 τινα
339 1237 559 1324 φιλανθρωπίαν
583 1242 627 1301 δεῖ
650 1235 745 1310 αὐτοῖς
770 1237 929 1303 ἀποδοῦναι
952 1239 1021 1324 πρὸς
1044 1238 1257 1316 τδνὈδυσσέα,
1281 1237 1371 1312 ἔξεστι
1395 1238 1488 1324 λέγειν
1512 1236 1552 1311 ῶς

99 1346 127 1414 ἐξ
151 1336 192 1404 ὧν
216 1338 343 1426 ήκυυσαν
375 1340 465 1406 αὐτοῦ
488 1343 628 1428 λέγοντος,
659 1339 708 1416 υίις
732 1342 747 1407 ὁ
772 1343 921 1429 Τειρεσίας
954 1343 1033 1430 αὐτῷ
1052 1344 1200 1430 χρησμοὺς
1232 1343 1303 1418 εἷπε,
1335 1342 1553 1428 συνελογίσαντο

100 1445 327 1531 (συνελογίζοντο
339 1447 386 1529 Η)
409 1445 452 1511 ότι
469 1446 553 1511 οὐδέν
569 1452 674 1512 παθεῖν
691 1446 771 1534 αὐτῷ
784 1449 902 1534 εἵμαρτο
919 1446 1043 1534 (ήμαρτο
1060 1449 1103 1527 Η(
1127 1448 1219 1512 δεινδν
1235 1447 1312 1513 ἀλλά
1329 1447 1553 1535 τιμωρήσασθαι

101 1552 165 1622 ταῶς
200 1552 334 1640 ἐχθρυός.
384 1553 498 1624 εἰδότες
529 1552 561 1616 δέ
593 1556 700 1617 ἐκεῖνον
732 1551 1071 1640 οὐδένβλαβησόμενον,
1107 1551 1190 1617 αάτοί
1212 1552 1240 1616 δ’
1260 1549 1330 1638 ὅπερ
1354 1553 1553 1639 πρυετέθειντο

99 1654 345 1742 ἀπεργασάμενοι,
370 1657 420 1742 τῆν
444 1657 560 1742 ἀγωγήν
586 1659 765 1743 ἐποιήσαντο,
800 1657 851 1722 οὐκ
876 1658 1073 1745 ἐπεγείραντες
1098 1657 1193 1722 αὐτόν.
1238 1656 1390 1722 κάνταῦθα
1424 1656 1476 1742 μέν
1510 1660 1556 1720 δεῖ

102 1764 223 1847 θεωρεῖν
252 1763 331 1846 παρά
356 1761 380 1825 τί
406 1774 488 1839 (om.
508 1764 554 1846 Q)
579 1789 647 1828 ποτε
671 1765 721 1848 τῆν
738 1762 896 1848 ἀπολογίαν
913 1763 1085 1848 ποιούμεθα.
1124 1764 1149 1827 οἱ
1175 1762 1226 1848 μέν
1249 1763 1304 1849 γάρ
1328 1762 1553 1848 κατηγοροῦντές

102 1864 173 1950 φασί
196 1891 222 1929 τι
245 1867 325 1947 (om.
345 1870 388 1948 Q)
413 1874 516 1953 πρᾶξαι
540 1870 605 1941 τυιλς
629 1867 764 1940 (Φαίακας
788 1875 924 1943 τοιοῦτον,
949 1872 977 1942 ἐξ
1001 1864 1035 1932 οὗ
1057 1867 1184 1940 κίνδυνος
1208 1863 1243 1952 ῆν
1262 1866 1363 1952 ἀδοξίᾳ
1380 1871 1553 1954 περιπεσεῖν,

100 1969 134 2034 οὐ
158 1971 449 2056 προςαποδεικνόουσι
481 1968 588 2054 (οὕτως
612 1973 834 2038 ἀποδεικνύουσι
858 1972 898 2056 Q)
930 1973 962 2038 δέ
986 1970 1029 2038 δτι
1052 1973 1100 2038 διά
1123 1973 1174 2058 τήν
1198 1978 1296 2058 πρᾶξιν
1328 1973 1424 2044 αὐτοῖς
1448 1971 1553 2056 ταότην

100 2073 185 2138 οὐδέν
208 2076 321 2160 ἀγαθὸν
345 2078 516 2162 συνέβαινεν.
562 2077 622 2142 ἔδει
645 2077 677 2141 δέ
702 2078 797 2161 (add.
816 2079 969 2162 Buttm.)
993 2085 1076 2142 τοῦτο
1101 2084 1220 2163 ποιῆσαι
1244 2078 1309 2150 τούς
1333 2077 1489 2161 μέλλοντας
1514 2077 1553 2162 μή

101 2180 285 2265 παραδώσειν
310 2179 476 2266 ἀπολογίαν.
500 2184 637 2256 πολλάκις
661 2185 716 2271 γάρ
739 2190 795 2247 τῶν
819 2187 848 2248 ἐν
873 2190 924 2269 μιᾷ
948 2183 1049 2269 πράξει
1072 2181 1119 2248 καί
1144 2182 1282 2270 δυσχερὲς
1306 2182 1432 2270 ὑπάρχει
1455 2207 1481 2246 τι
1504 2180 1554 2246 καί

101 2283 222 2369 ἀγαθόν,
253 2284 302 2349 καί
326 2287 437 2370 μᾶλλόν
461 2290 535 2351 ἐστιν
559 2289 671 2374 αἱρετὸν
695 2290 727 2353 τὸ
750 2287 863 2373 ἀγαθὸν
886 2285 906 2373 ῆ
928 2289 961 2352 τὸ
984 2289 1074 2352 κακόν
1098 2288 1227 2374 φευκτόν.
1284 2287 1384 2373 διόπερ
1407 2286 1459 2351 οὐκ
1482 2286 1554 2352 ἀπο-

101 2390 295 2475 δοκιμάζομεν
329 2392 379 2464 τάς
413 2393 547 2465 τοιαύτας
582 2394 710 2480 πράξεις·
745 2393 793 2458 καί
828 2396 885 2466 τοῖς
919 2392 1027 2466 Φαίαξι
1061 2393 1093 2458 δέ
1121 2399 1205 2457 τοῦτο
1236 2391 1401 2478 συμβαίνειν
1424 2391 1553 2476 λέγομεν.

101 2493 135 2558 οὐ
158 2495 215 2581 γάρ
238 2496 289 2580 τῆν
319 2495 465 2571 ἀπόδειξιν
496 2498 695 2584 ἐφοβήθησαν,
730 2499 769 2571 ῶς
799 2502 900 2563 λαθεῖν
930 2497 1134 2582 ἐβουλήθησαν
1163 2501 1192 2562 ἐν
1216 2493 1241 2583 ᾧ
1259 2497 1340 2582 τόπῳ
1363 2502 1554 2563 κατοικοῦσιν.

102 2598 120 2682 ἡ
145 2598 196 2682 μὲν
219 2594 270 2664 οὖν
293 2599 412 2687 ἀφορμῆ
435 2608 485 2687 τῆς
509 2601 667 2688 ἀπολογίας
691 2607 723 2668 ἐκ
747 2604 847 2668 τοότου
870 2604 985 2689 γέγονεν
1008 2603 1089 2688 ῆμῖν·
1119 2601 1177 2687 ήδη
1200 2603 1233 2667 δὲ
1257 2601 1418 2687 πλάττομεν
1442 2605 1554 2666 ἐκτῶν

101 2708 177 2767 ἐπῶν
200 2730 225 2768 τι
254 2707 311 2777 τοῖς
335 2704 458 2779 (Φαίαξιν
490 2708 678 2794 αἱρετώτερον
707 2704 779 2773 ἀλλο
810 2710 977 2794 συμβαῖνον·
1012 2707 1112 2794 διόπερ
1141 2706 1213 2773 ἴδιον
1244 2707 1349 2790 ταύτης
1381 2704 1486 2792 (τρίτης
1510 2707 1554 2786 H)

101 2807 216 2881 ἀδοξίας
240 2807 375 2882 κίνδυνος.
421 2813 460 2879 cf.
486 2813 581 2881 Plu).
608 2814 650 2882 de
676 2813 755 2882 aud.
782 2821 874 2901 poet.
900 2821 919 2883 8
950 2814 986 2882 Τ.
1012 2815 1029 2882 Ι
1059 2837 1090 2900 p.
1117 2820 1169 2891 66,
1195 2820 1235 2882 12
1259 2813 1361 2880 Bern.
1409 2811 1462 2880 De
1486 2811 1554 2880 hac

104 2917 312 2999 quaestione
336 2915 524 2986 Homerica
547 2919 586 2986 ef.
614 2918 788 2989 Schrader
812 2919 943 3006 Porph.
969 2943 1001 3006 p.
1020 2923 1092 2986 4⁶25.
1143 2918 1336 2997 Schlemm,
1361 2916 1403 2984 de
1427 2915 1552 2985 sontib.

103 3017 196 3086 Plut.
223 3020 318 3089 Gott.
346 3027 429 3090 1893
457 3045 489 3108 p.
515 3029 566 3092 64.

310 3213 427 3283 Schol.
454 3216 487 3284 H
511 3217 548 3284 M
572 3215 604 3297 Q
626 3216 660 3284 R
684 3215 813 3303 OdySS.
838 3218 854 3300 β
879 3222 937 3284 51:

207 3334 309 3396 ἑκατόν
341 3336 413 3398 δέκα
437 3335 484 3401 καί
508 3337 584 3401 ἀκτῶ
605 3340 708 3426 σχεδδν
739 3345 795 3402 τῶν
819 3337 955 3402 ἀπάντων
986 3333 1075 3402 ὄντων
1099 3338 1277 3423 μνηστήρων,
1308 3335 1366 3400 ἀπὸ
1390 3335 1498 3400 τοότιυν
1523 3335 1555 3400 δὲ
1574 3348 1620 3420 87

104 3438 136 3498 ἐκ
160 3442 210 3521 τῆς
231 3435 351 3522 Ἰθάκης
380 3440 565 3517 ,δυοκαίδεκα
590 3443 694 3516 πάντες
717 3440 836 3530 υίριστοιί
865 3443 1021 3528 ρηθέντων,
1053 3439 1414 3528 ξητεῖἮρακλείδης
1445 3440 1656 3520 ,mb363251

102 3540 277 3629 Τηλέμαχος
308 3547 532 3632 κατασμικρόνει
566 3551 595 3612 ἐν
630 3556 666 3635 τῆ
700 3547 864 3634 δημηγορίᾳ
899 3549 1061 3612 συστέλλων
1094 3547 1126 3610 τὸ
1157 3548 1270 3629 πλῆθος
1301 3547 1340 3618 εἰς
1364 3545 1467 3630 μόνους
1490 3546 1556 3618 τοδς

101 3643 292 3729 Ἰθακησίους.
348 3647 373 3712 τί
407 3652 461 3738 γάρ
497 3652 554 3738 ἐφη
591 3655 701 3739 ,μητέρι
732 3659 890 3739 μνηστῆρες
922 3652 1067 3739 ἐπέχραον
1090 3650 1143 3715 υάκ
1175 3650 1329 3735 ἐθελυόση,
1364 3657 1420 3714 τῶν
1444 3649 1556 3736 ἀνδρῶν

104 3748 183 3835 φίλοι
207 3751 265 3823 υἷες
289 3753 317 3816 οἳ
340 3754 446 3820 ἐνθάδε
470 3756 498 3842 γ’
519 3756 588 3822 εἰσίν
612 3753 748 3845 ἀριστοι*;
778 3760 810 3823 τδ
833 3758 888 3843 γάρ
912 3757 986 3820 πολὺ
1009 3755 1125 3843 φορτίον
1147 3761 1198 3840 τῆς
1221 3754 1374 3840 μνηστείας
1397 3754 1557 3841 περῑήρηκὲ

106 3855 254 3928 συστείλας
277 3858 309 3920 τά
334 3864 447 3942 πλῆθος
471 3865 510 3935 εἰς
535 3864 599 3936 τούς
623 3864 738 3941 ἐνθάδε,
761 3864 827 3935 τυδς
852 3858 934 3936 ’όντοις
958 3861 1112 3950 ἐλάχιστον
1129 3862 1214 3946 μέρος
1230 3867 1281 3925 τοδ
1297 3861 1402 3933 παντὸς
1418 3858 1556 3944 πλήθους.

104 3959 178 4045 φαίη
202 3959 230 4024 δ’
249 3955 284 4024 ἀν
306 3987 347 4035 τις
371 3966 400 4027 ἐν
415 3963 520 4052 Ἰθάκη
544 3973 764 4054 δημηγοροῦντα
787 3969 835 4033 τὸν
859 3967 1035 4054 Ἰήλέμαχον
1058 3973 1115 4031 τῶν
1139 3969 1167 4039 ἐξ
1182 3965 1302 4049 ’Ἰθάκης
1327 3965 1445 4037 εἰκότως
1468 3989 1556 4047 κατη-

104 4068 205 4148 γορεῖν.
262 4068 408 4152 ’ρηθέντων
443 4071 474 4135 δέ
505 4071 553 4136 καί
584 4073 655 4159 ὑπὲρ
687 4081 743 4137 τῶν
773 4069 869 4138 ἀλλων
897 4072 1041 4157 ἀπολογία
1073 4076 1183 4156 μᾶλλον
1213 4065 1248 4155 ῆν
1270 4073 1327 4143 τοῖς
1351 4069 1477 4156 πατράσι
1499 4075 1556 4132 τῶν

103 4167 287 4253 Ἰθακησίων,
319 4171 361 4237 ότι
385 4175 441 4263 οάχ
465 4178 490 4240 υί
515 4177 651 4265 ἡμέτεροι
681 4179 774 4264 μόνον,
810 4179 886 4244 ἀλλά
916 4176 964 4243 καί
989 4174 1082 4249 ἀλλοι,
1117 4175 1165 4240 καί
1196 4179 1241 4240 δεῖ
1262 4175 1399 4261 πρότερον
1430 4173 1556 4247 ἐκείνους

964 4283 1061 4367 θήσειν
1092 4280 1141 4345 καί
1164 4281 1229 4352 τοδς
1253 4279 1396 4351 ἐλάττους.
1453 4279 1477 4342 εἰ
1501 4279 1556 4364 γάρ

105 4274 228 4338 ’(Φδόῑῑν
262 4276 378 4351 πλῖίννς
409 4276 505 4354 ὄντας·
539 4288 596 4356 τοῖς
624 4286 679 4370 γάρ
710 4290 825 4357 πολλοις
850 4306 968 4348 ακολουι

105 4377 205 4450 ἆπίῶἰ
237 4379 294 4466 ἔφη
320 4385 430 4470 μητέρ’.
454 4413 502 4470 μοι
526 4396 684 4476 μνηστῆρες
716 4390 861 4476 ἐπέχραον
892 4388 945 4452 οὐκ
975 4387 1129 4471 ἐθελοόσηί
1163 4391 1265 4458 κοινῶς
1296 4382 1330 4449 ἀν
1359 4378 1557 4467 κατηγόρησεν

105 4482 281 4547 ἀλλοδαπῶν
304 4485 353 4550 καί
377 4490 463 4562 ξένιον
486 4496 516 4556 ἐν
538 4493 699 4580 ἀλλοτρίοις
722 4494 887 4580 ἀκροαταῖς.
932 4506 951 4577 η
975 4491 1002 4556 δ’
1022 4492 1161 4576 ἐπαγωγή
1191 4490 1210 4575 ή
1242 4495 1307 4567 ,τῶν
1337 4487 1448 4574 ἀνδρῶν
1477 4487 1557 4573 φίλοι

106 4589 164 4660 νῖῑς
187 4589 216 4652 οἳ
238 4589 344 4654 ἐνθάδε
368 4593 396 4677 γ’
417 4595 486 4662 εἰσίν
510 4596 629 4684 α’ίριστοι6
652 4598 724 4663 ἴδιον
747 4600 779 4663 τὸ
803 4597 933 4683 ἀδίκημα
950 4595 1093 4682 ἐποίησεν,
1117 4596 1157 4668 όις
1181 4594 1229 4659 καί
1252 4601 1309 4658 τῶν
1333 4588 1431 4658 ἀλλων
1446 4591 1556 4665 τοότοις

106 4693 369 4787 ἀκολουθησάντων
404 4697 446 4765 ὅτι
477 4710 534 4767 τῶν
566 4703 690 4789 ἀρίστων
724 4708 753 4768 ἐν
773 4704 879 4787 Ἰθάκη
909 4698 983 4786 ήσαν
1012 4706 1114 4774 παῖδες
1144 4700 1170 4764 υί
1191 4698 1354 4783 Ἰθακήσιοι
1390 4703 1557 4783 μνηστῆρες.

105 4839 145 4884 ως
176 4813 210 4880 ἀν
239 4810 288 4878 οὖν
319 4801 456 4889 ἡγεμόσιν
490 4810 517 4873 οί
553 4804 637 4874 ἀίλλοι
666 4810 785 4873 εἵποντο.
831 4811 860 4872 ἐν
885 4813 953 4871 πάσι
977 4807 1032 4893 γάρ
1055 4806 1086 4868 τὸ
1109 4804 1268 4889 ἡγεμονοῦν
1299 4801 1470 4887 ὀλιγώτερον
1499 4807 1557 4865 τῶν

106 4920 287 5007 ἀρχομένων,
311 4915 359 4982 καί
383 4924 423 5004 τῷ
441 4916 637 5002 ήγεμονυδντι,
661 4911 715 4978 κάν
738 4912 878 4998 ὀλίγιστον
902 4908 929 4998 ή,
953 4910 1087 4975 πείθεται
1102 4910 1134 4973 τδ
1158 4904 1231 4972 α’ῖλλο
1254 4910 1366 4991 πλῆθος
1390 4903 1430 4980 είς
1452 4931 1483 4971 τε
1506 4907 1557 4978 τάς

107 5026 251 5097 ἐπιθέσεις
275 5022 323 5088 καί
347 5023 397 5095 τοῖς
419 5022 529 5110 ἐποχὰς
552 5027 610 5085 τῶν
633 5019 844 5106 πραττομένων.
