<?xml version="1.0" encoding="UTF-8"?>
<!DOCTYPE html PUBLIC "-//W3C//DTD XHTML 1.0 Transitional//EN"
    "http://www.w3.org/TR/xhtml1/DTD/xhtml1-transitional.dtd">
<html xmlns="http://www.w3.org/1999/xhtml" xml:lang="en" lang="en">
 <head>
  <title>
</title>
<meta http-equiv="Content-Type" content="text/html;charset=utf-8" />
  <meta name='ocr-system' content='tesseract 3.04.00' />
  <meta name='ocr-capabilities' content='ocr_page ocr_carea ocr_par ocr_line ocrx_word'/>
</head>
<body>
  <div class='ocr_page' id='page_1' title='image "./deheraclidispon00vossgoog_0055.png"; bbox 0 0 3570 5574; ppageno 0'>
   <div class='ocr_carea' id='block_1_1' title="bbox 906 411 949 472">
    <p class='ocr_par' dir='ltr' id='par_1_1' title="bbox 906 411 949 472">
     <span class='ocr_line' id='line_1_1' title="bbox 906 411 949 472; baseline 0 0"><span class='ocrx_word' id='word_1_1' title='bbox 906 411 949 472; x_wconf 77' lang='grc'><strong>48</strong></span> 
     </span>
    </p>
   </div>
   <div class='ocr_carea' id='block_1_2' title="bbox 199 608 1656 1222">
    <p class='ocr_par' dir='ltr' id='par_1_2' title="bbox 199 608 1656 1222">
     <span class='ocr_line' id='line_1_2' title="bbox 200 608 1655 700; baseline -0.004 -20"><span class='ocrx_word' id='word_1_2' title='bbox 200 614 333 687; x_wconf 81' lang='grc' dir='ltr'><strong>Σόλωνος</strong></span> <span class='ocrx_word' id='word_1_3' title='bbox 367 612 499 699; x_wconf 79' lang='grc' dir='ltr'><strong>ἐμμένων</strong></span> <span class='ocrx_word' id='word_1_4' title='bbox 532 617 645 698; x_wconf 85' lang='grc' dir='ltr'><strong>πρῶτος</strong></span> <span class='ocrx_word' id='word_1_5' title='bbox 677 610 763 686; x_wconf 79' lang='grc' dir='ltr'><strong>αὐτὸς</strong></span> <span class='ocrx_word' id='word_1_6' title='bbox 792 611 840 676; x_wconf 89' lang='grc' dir='ltr'><strong>καί</strong></span> <span class='ocrx_word' id='word_1_7' title='bbox 871 613 937 685; x_wconf 76' lang='grc' dir='ltr'><strong>τοὺς</strong></span> <span class='ocrx_word' id='word_1_8' title='bbox 965 610 1066 700; x_wconf 87' lang='grc' dir='ltr'><strong>φίλους</strong></span> <span class='ocrx_word' id='word_1_9' title='bbox 1096 610 1277 696; x_wconf 76' lang='grc' dir='ltr'><strong>ἀναγκάζων,</strong></span> <span class='ocrx_word' id='word_1_10' title='bbox 1301 660 1337 674; x_wconf 92' lang='grc'><strong>..</strong></span> <span class='ocrx_word' id='word_1_11' title='bbox 1367 608 1416 675; x_wconf 87' lang='grc' dir='ltr'><strong>καί</strong></span> <span class='ocrx_word' id='word_1_12' title='bbox 1438 609 1542 695; x_wconf 90' lang='grc' dir='ltr'><strong>νόμους</strong></span> <span class='ocrx_word' id='word_1_13' title='bbox 1566 608 1655 681; x_wconf 80' lang='grc' dir='ltr'><strong>αὐτὸς</strong></span> 
     </span>
     <span class='ocr_line' id='line_1_3' title="bbox 200 712 1656 806; baseline -0.005 -22"><span class='ocrx_word' id='word_1_14' title='bbox 200 718 314 806; x_wconf 80' lang='grc' dir='ltr'><strong>ἑτέρους</strong></span> <span class='ocrx_word' id='word_1_15' title='bbox 349 716 481 804; x_wconf 82' lang='grc' dir='ltr'><strong>ἔγραψεν,</strong></span> <span class='ocrx_word' id='word_1_16' title='bbox 516 712 556 780; x_wconf 85' lang='grc' dir='ltr'><strong>ὧν</strong></span> <span class='ocrx_word' id='word_1_17' title='bbox 590 719 651 781; x_wconf 85' lang='grc' dir='ltr'><strong>ἐστι</strong></span> <span class='ocrx_word' id='word_1_18' title='bbox 684 715 732 781; x_wconf 88' lang='grc' dir='ltr'><strong>καὶ</strong></span> <span class='ocrx_word' id='word_1_19' title='bbox 767 717 782 781; x_wconf 90' lang='lat'>6</span> <span class='ocrx_word' id='word_1_20' title='bbox 815 717 881 789; x_wconf 75' lang='grc' dir='ltr'><strong>τοὺς</strong></span> <span class='ocrx_word' id='word_1_21' title='bbox 915 717 1105 803; x_wconf 77' lang='grc' dir='ltr'><strong>πηρωθέντας</strong></span> <span class='ocrx_word' id='word_1_22' title='bbox 1134 719 1164 780; x_wconf 86' lang='grc' dir='ltr'><strong>έν</strong></span> <span class='ocrx_word' id='word_1_23' title='bbox 1192 715 1312 801; x_wconf 84' lang='grc' dir='ltr'><strong>πολέμῳ</strong></span> <span class='ocrx_word' id='word_1_24' title='bbox 1343 713 1470 800; x_wconf 74' lang='grc' dir='ltr'><strong>δημοσία</strong></span> <span class='ocrx_word' id='word_1_25' title='bbox 1492 715 1656 800; x_wconf 77' lang='grc' dir='ltr'><strong>τρέφεσθαι</strong></span> 
     </span>
     <span class='ocr_line' id='line_1_4' title="bbox 199 818 1655 909; baseline -0.005 -21"><span class='ocrx_word' id='word_1_26' title='bbox 199 823 336 888; x_wconf 87' lang='grc' dir='ltr'><strong>κελεόων.</strong></span> <span class='ocrx_word' id='word_1_27' title='bbox 381 826 463 886; x_wconf 65' lang='grc' dir='ltr'><strong>τοῦτο</strong></span> <span class='ocrx_word' id='word_1_28' title='bbox 487 821 520 886; x_wconf 77' lang='grc' dir='ltr'><strong>δέ</strong></span> <span class='ocrx_word' id='word_1_29' title='bbox 543 846 629 909; x_wconf 82' lang='grc' dir='ltr'><strong>φησιν</strong></span> <span class='ocrx_word' id='word_1_30' title='bbox 648 820 909 907; x_wconf 78' lang='grc' dir='ltr'><strong>Ἡρακλείδης</strong></span> <span class='ocrx_word' id='word_1_31' title='bbox 932 819 980 886; x_wconf 89' lang='grc' dir='ltr'><strong>καί</strong></span> <span class='ocrx_word' id='word_1_32' title='bbox 1004 819 1141 906; x_wconf 86' lang='grc' dir='ltr'><strong>πρότερον</strong></span> <span class='ocrx_word' id='word_1_33' title='bbox 1165 818 1212 885; x_wconf 82' lang='grc' dir='ltr'><strong>ἐπὶ</strong></span> <span class='ocrx_word' id='word_1_34' title='bbox 1232 818 1389 906; x_wconf 78' lang='grc' dir='ltr'>Θερσίππῳ</span> <span class='ocrx_word' id='word_1_35' title='bbox 1412 818 1577 905; x_wconf 73' lang='grc' dir='ltr'><strong>πηρωθέντι</strong></span> <span class='ocrx_word' id='word_1_36' title='bbox 1600 823 1655 881; x_wconf 80' lang='grc' dir='ltr'><strong>τοῦ</strong></span> 
     </span>
     <span class='ocr_line' id='line_1_5' title="bbox 199 910 1654 1013; baseline -0.004 -22"><span class='ocrx_word' id='word_1_37' title='bbox 199 926 332 999; x_wconf 86' lang='grc' dir='ltr'><strong>Σόλωνος</strong></span> <span class='ocrx_word' id='word_1_38' title='bbox 363 910 565 1013; x_wconf 78' lang='grc' dir='ltr'><strong>ψηφισαμένου</strong></span> <span class='ocrx_word' id='word_1_39' title='bbox 596 925 780 1011; x_wconf 76' lang='grc' dir='ltr'><strong>μιμήσασθαι</strong></span> <span class='ocrx_word' id='word_1_40' title='bbox 809 927 857 990; x_wconf 79' lang='grc' dir='ltr'><strong>τὸν</strong></span> <span class='ocrx_word' id='word_1_41' title='bbox 889 925 1100 1012; x_wconf 74' lang='grc' dir='ltr'><strong>Πεισίστρατον.</strong></span> <span class='ocrx_word' id='word_1_42' title='bbox 1149 923 1202 996; x_wconf 84' lang='grc' dir='ltr'><strong>Ὣς</strong></span> <span class='ocrx_word' id='word_1_43' title='bbox 1234 923 1266 987; x_wconf 75' lang='grc' dir='ltr'><strong>δέ</strong></span> <span class='ocrx_word' id='word_1_44' title='bbox 1290 923 1476 1009; x_wconf 85' lang='grc' dir='ltr'><strong>Θεόφραστος</strong></span> <span class='ocrx_word' id='word_1_45' title='bbox 1508 922 1654 1008; x_wconf 84' lang='grc' dir='ltr'><strong>ἱστόρηκε,</strong></span> 
     </span>
     <span class='ocr_line' id='line_1_6' title="bbox 199 1024 1656 1116; baseline -0.005 -21"><span class='ocrx_word' id='word_1_46' title='bbox 199 1029 248 1096; x_wconf 85' lang='grc' dir='ltr'><strong>καί</strong></span> <span class='ocrx_word' id='word_1_47' title='bbox 278 1032 326 1095; x_wconf 85' lang='grc' dir='ltr'><strong>τὸν</strong></span> <span class='ocrx_word' id='word_1_48' title='bbox 357 1036 407 1115; x_wconf 80' lang='grc' dir='ltr'><strong>τῆς</strong></span> <span class='ocrx_word' id='word_1_49' title='bbox 436 1029 538 1116; x_wconf 84' lang='grc' dir='ltr'><strong>ἀργίας</strong></span> <span class='ocrx_word' id='word_1_50' title='bbox 565 1030 652 1116; x_wconf 91' lang='grc' dir='ltr'><strong>νόμον</strong></span> <span class='ocrx_word' id='word_1_51' title='bbox 680 1029 714 1095; x_wconf 76' lang='grc' dir='ltr'><strong>οὐ</strong></span> <span class='ocrx_word' id='word_1_52' title='bbox 737 1031 837 1096; x_wconf 82' lang='grc' dir='ltr'><strong>Σόλων</strong></span> <span class='ocrx_word' id='word_1_53' title='bbox 868 1030 983 1115; x_wconf 75' lang='grc' dir='ltr'><strong>έθηκεν,</strong></span> <span class='ocrx_word' id='word_1_54' title='bbox 1018 1028 1094 1094; x_wconf 80' lang='grc' dir='ltr'><strong>α’λλοὶ</strong></span> <span class='ocrx_word' id='word_1_55' title='bbox 1120 1027 1330 1114; x_wconf 80' lang='grc' dir='ltr'><strong>Πεισίστρατος,</strong></span> <span class='ocrx_word' id='word_1_56' title='bbox 1364 1024 1390 1114; x_wconf 85' lang='grc' dir='ltr'>ᾧ</span> <span class='ocrx_word' id='word_1_57' title='bbox 1415 1028 1466 1111; x_wconf 76' lang='grc' dir='ltr'><strong>τήν</strong></span> <span class='ocrx_word' id='word_1_58' title='bbox 1495 1051 1526 1092; x_wconf 83' lang='grc' dir='ltr'><strong>τε</strong></span> <span class='ocrx_word' id='word_1_59' title='bbox 1549 1026 1656 1113; x_wconf 83' lang='grc' dir='ltr'><strong>χώραν</strong></span> 
     </span>
     <span class='ocr_line' id='line_1_7' title="bbox 200 1132 1034 1222; baseline -0.004 -22"><span class='ocrx_word' id='word_1_60' title='bbox 200 1135 385 1222; x_wconf 75' lang='grc' dir='ltr'><strong>ἐνεργοτέραν</strong></span> <span class='ocrx_word' id='word_1_61' title='bbox 408 1132 456 1198; x_wconf 85' lang='grc' dir='ltr'><strong>καί</strong></span> <span class='ocrx_word' id='word_1_62' title='bbox 480 1134 531 1219; x_wconf 77' lang='grc' dir='ltr'><strong>τὴν</strong></span> <span class='ocrx_word' id='word_1_63' title='bbox 554 1134 637 1199; x_wconf 89' lang='grc' dir='ltr'><strong>πόλιν</strong></span> <span class='ocrx_word' id='word_1_64' title='bbox 659 1134 870 1222; x_wconf 78' lang='grc' dir='ltr'><strong>ἠρεμαιοτέραν</strong></span> <span class='ocrx_word' id='word_1_65' title='bbox 893 1135 1034 1219; x_wconf 80' lang='grc' dir='ltr'><strong>ἐποίησεν.</strong></span> 
     </span>
    </p>
   </div>
   <div class='ocr_carea' id='block_1_3' title="bbox 132 1325 1655 1722">
    <p class='ocr_par' dir='ltr' id='par_1_3' title="bbox 132 1325 1655 1722">
     <span class='ocr_line' id='line_1_8' title="bbox 408 1325 726 1396; baseline 0.006 -3"><span class='ocrx_word' id='word_1_66' title='bbox 408 1325 503 1394; x_wconf 92' lang='lat' dir='ltr'><strong>Plut.</strong></span> <span class='ocrx_word' id='word_1_67' title='bbox 529 1325 651 1396; x_wconf 82' lang='lat' dir='ltr'><strong>Solon.</strong></span> <span class='ocrx_word' id='word_1_68' title='bbox 676 1332 726 1395; x_wconf 79' lang='lat'><strong>32.</strong></span> 
     </span>
     <span class='ocr_line' id='line_1_9' title="bbox 132 1441 1655 1534; baseline -0.01 -17"><span class='ocrx_word' id='word_1_69' title='bbox 132 1441 185 1517; x_wconf 84' lang='lat'><strong>20</strong></span> <span class='ocrx_word' id='word_1_70' title='bbox 307 1446 450 1534; x_wconf 76' lang='grc' dir='ltr'><strong>ἐπεβίωσε</strong></span> <span class='ocrx_word' id='word_1_71' title='bbox 473 1446 500 1512; x_wconf 81' lang='lat'><strong>6&#39;</strong></span> <span class='ocrx_word' id='word_1_72' title='bbox 519 1443 569 1511; x_wconf 76' lang='grc' dir='ltr'><strong>οὖν</strong></span> <span class='ocrx_word' id='word_1_73' title='bbox 591 1447 725 1513; x_wconf 86' lang='grc' dir='ltr'><strong>ὁΣόλων</strong></span> <span class='ocrx_word' id='word_1_74' title='bbox 747 1447 908 1534; x_wconf 75' lang='grc' dir='ltr'><strong>ἀρξαμένου</strong></span> <span class='ocrx_word' id='word_1_75' title='bbox 931 1453 981 1512; x_wconf 79' lang='grc' dir='ltr'><strong>τοῦ</strong></span> <span class='ocrx_word' id='word_1_76' title='bbox 999 1447 1204 1531; x_wconf 79' lang='grc' dir='ltr'><strong>Πεισιστράτου</strong></span> <span class='ocrx_word' id='word_1_77' title='bbox 1227 1448 1380 1530; x_wconf 79' lang='grc' dir='ltr'><strong>τυραννεῖν,</strong></span> <span class='ocrx_word' id='word_1_78' title='bbox 1403 1443 1444 1516; x_wconf 81' lang='grc' dir='ltr'><strong>ὡς</strong></span> <span class='ocrx_word' id='word_1_79' title='bbox 1468 1442 1520 1528; x_wconf 77' lang='grc' dir='ltr'><strong>μέν</strong></span> <span class='ocrx_word' id='word_1_80' title='bbox 1538 1441 1655 1526; x_wconf 81' lang='grc' dir='ltr'><strong>Ἥρα-</strong></span> 
     </span>
     <span class='ocr_line' id='line_1_10' title="bbox 202 1545 1655 1640; baseline -0.005 -25"><span class='ocrx_word' id='word_1_81' title='bbox 202 1551 359 1637; x_wconf 80' lang='grc' dir='ltr'><strong>κλείδης</strong></span> <span class='ocrx_word' id='word_1_82' title='bbox 382 1551 398 1616; x_wconf 97' lang='lat'>6</span> <span class='ocrx_word' id='word_1_83' title='bbox 423 1551 609 1625; x_wconf 81' lang='grc' dir='ltr'><strong>Ποντικὸς</strong></span> <span class='ocrx_word' id='word_1_84' title='bbox 637 1553 750 1639; x_wconf 86' lang='grc' dir='ltr'><strong>ἱστορεῖ,</strong></span> <span class='ocrx_word' id='word_1_85' title='bbox 780 1553 884 1639; x_wconf 80' lang='grc' dir='ltr'><strong>συχνὸν</strong></span> <span class='ocrx_word' id='word_1_86' title='bbox 907 1551 1019 1640; x_wconf 79' lang='grc' dir='ltr'><strong>χρόνον,</strong></span> <span class='ocrx_word' id='word_1_87' title='bbox 1050 1551 1088 1624; x_wconf 79' lang='grc' dir='ltr'><strong>ὡς</strong></span> <span class='ocrx_word' id='word_1_88' title='bbox 1112 1550 1144 1615; x_wconf 80' lang='grc' dir='ltr'><strong>δὲ</strong></span> <span class='ocrx_word' id='word_1_89' title='bbox 1168 1549 1279 1622; x_wconf 78' lang='grc' dir='ltr'><strong>Φανίας</strong></span> <span class='ocrx_word' id='word_1_90' title='bbox 1303 1549 1318 1613; x_wconf 87' lang='lat'>6</span> <span class='ocrx_word' id='word_1_91' title='bbox 1339 1548 1481 1634; x_wconf 79' lang='grc' dir='ltr'><strong>Ἐρέσιος,</strong></span> <span class='ocrx_word' id='word_1_92' title='bbox 1511 1545 1655 1611; x_wconf 84' lang='grc' dir='ltr'><strong>έλοίττυνα</strong></span> 
     </span>
     <span class='ocr_line' id='line_1_11' title="bbox 202 1659 378 1722; baseline -0.006 -1"><span class='ocrx_word' id='word_1_93' title='bbox 202 1659 279 1721; x_wconf 77' lang='grc' dir='ltr'><strong>δυοῖν</strong></span> <span class='ocrx_word' id='word_1_94' title='bbox 302 1659 378 1722; x_wconf 77' lang='grc' dir='ltr'><strong>ἐτῶν.</strong></span> 
     </span>
    </p>
   </div>
   <div class='ocr_carea' id='block_1_4' title="bbox 409 1829 743 1915">
    <p class='ocr_par' dir='ltr' id='par_1_4' title="bbox 409 1829 743 1915">
     <span class='ocr_line' id='line_1_12' title="bbox 409 1829 743 1915; baseline -0.003 -17"><span class='ocrx_word' id='word_1_95' title='bbox 409 1829 743 1915; x_wconf 59' lang='lat' dir='ltr'><strong>nmmum</strong></span> 
     </span>
    </p>
   </div>
   <div class='ocr_carea' id='block_1_5' title="bbox 916 1949 928 2016">
    <p class='ocr_par' dir='ltr' id='par_1_5' title="bbox 916 1949 928 2016">
     <span class='ocr_line' id='line_1_13' title="bbox 916 1949 923 1970; baseline 0 0"><span class='ocrx_word' id='word_1_96' title='bbox 916 1949 923 1970; x_wconf 67' lang='grc' dir='ltr'>ἱ</span> 
     </span>
     <span class='ocr_line' id='line_1_14' title="bbox 921 1993 928 2016; baseline 0 0"><span class='ocrx_word' id='word_1_97' title='bbox 921 1993 928 2016; x_wconf 77' lang='grc' dir='ltr'><strong>ι’</strong></span> 
     </span>
    </p>
   </div>
   <div class='ocr_carea' id='block_1_6' title="bbox 133 1944 1657 2359">
    <p class='ocr_par' dir='ltr' id='par_1_6' title="bbox 133 1944 1657 2245">
     <span class='ocr_line' id='line_1_15' title="bbox 133 1944 1657 2038; baseline -0.008 -22"><span class='ocrx_word' id='word_1_98' title='bbox 133 1964 178 2035; x_wconf 81' lang='lat'><strong>21</strong></span> <span class='ocrx_word' id='word_1_99' title='bbox 306 1951 501 2038; x_wconf 67' lang='grc' dir='ltr'><strong>Πρωταγόρας</strong></span> <span class='ocrx_word' id='word_1_100' title='bbox 536 1950 726 2038; x_wconf 81' lang='grc' dir='ltr'><strong>Ἀρτέμωνος,</strong></span> <span class='ocrx_word' id='word_1_101' title='bbox 771 1948 790 2036; x_wconf 76' lang='grc' dir='ltr'><strong>ἢ</strong></span> <span class='ocrx_word' id='word_1_102' title='bbox 835 1951 875 2023; x_wconf 80' lang='grc' dir='ltr'><strong>ὡς</strong></span> <span class='ocrx_word' id='word_1_103' title='bbox 927 1949 1134 2037; x_wconf 71' lang='grc' dir='ltr'><strong>ιίττολλόῧωρος</strong></span> <span class='ocrx_word' id='word_1_104' title='bbox 1180 1950 1228 2015; x_wconf 87' lang='grc' dir='ltr'><strong>καί</strong></span> <span class='ocrx_word' id='word_1_105' title='bbox 1273 1949 1365 2015; x_wconf 80' lang='grc' dir='ltr'><strong>Δίνων</strong></span> <span class='ocrx_word' id='word_1_106' title='bbox 1411 1947 1498 2028; x_wconf 79' lang='grc' dir='ltr'><strong>(Δίων</strong></span> <span class='ocrx_word' id='word_1_107' title='bbox 1536 1944 1575 2022; x_wconf 87' lang='grc' dir='ltr'><strong>Ρ)</strong></span> <span class='ocrx_word' id='word_1_108' title='bbox 1625 1946 1657 2006; x_wconf 82' lang='grc' dir='ltr'><strong>ἐν</strong></span> 
     </span>
     <span class='ocr_line' id='line_1_16' title="bbox 201 2047 1657 2143; baseline -0.006 -23"><span class='ocrx_word' id='word_1_109' title='bbox 201 2053 350 2143; x_wconf 83' lang='grc' dir='ltr'><strong>Περσικοῖς</strong></span> <span class='ocrx_word' id='word_1_110' title='bbox 388 2058 429 2136; x_wconf 78' lang='grc' dir='ltr'><strong>(ἐν</strong></span> <span class='ocrx_word' id='word_1_111' title='bbox 465 2054 612 2142; x_wconf 72' lang='grc' dir='ltr'><strong>Περσικῶν</strong></span> <span class='ocrx_word' id='word_1_112' title='bbox 646 2058 676 2120; x_wconf 85' lang='grc' dir='ltr'><strong>ἐν</strong></span> <span class='ocrx_word' id='word_1_113' title='bbox 699 2055 750 2125; x_wconf 81' lang='lat' dir='ltr'><strong>Pl</strong></span> <span class='ocrx_word' id='word_1_114' title='bbox 775 2053 816 2137; x_wconf 68' lang='lat' dir='ltr'><strong>Q)</strong></span> <span class='ocrx_word' id='word_1_115' title='bbox 855 2054 1051 2142; x_wconf 74' lang='grc' dir='ltr'><strong>Μαιανδρίου,</strong></span> <span class='ocrx_word' id='word_1_116' title='bbox 1087 2054 1269 2143; x_wconf 66' lang='grc' dir='ltr'><strong>Ἀβδηρίτης,</strong></span> <span class='ocrx_word' id='word_1_117' title='bbox 1307 2053 1389 2120; x_wconf 79' lang='grc' dir='ltr'><strong>καθοί</strong></span> <span class='ocrx_word' id='word_1_118' title='bbox 1415 2076 1502 2138; x_wconf 81' lang='grc' dir='ltr'><strong>φησιν</strong></span> <span class='ocrx_word' id='word_1_119' title='bbox 1535 2047 1657 2134; x_wconf 72' lang='grc' dir='ltr'><strong>Ἠρα-</strong></span> 
     </span>
     <span class='ocr_line' id='line_1_17' title="bbox 199 2151 1656 2245; baseline -0.006 -21"><span class='ocrx_word' id='word_1_120' title='bbox 199 2158 356 2244; x_wconf 77' lang='grc' dir='ltr'><strong>κλείδης</strong></span> <span class='ocrx_word' id='word_1_121' title='bbox 391 2159 406 2223; x_wconf 89' lang='lat'>6</span> <span class='ocrx_word' id='word_1_122' title='bbox 443 2159 628 2233; x_wconf 81' lang='grc' dir='ltr'><strong>Ποντικὸς</strong></span> <span class='ocrx_word' id='word_1_123' title='bbox 663 2162 699 2224; x_wconf 82' lang='grc' dir='ltr'><strong>ἐν</strong></span> <span class='ocrx_word' id='word_1_124' title='bbox 733 2163 810 2233; x_wconf 80' lang='grc' dir='ltr'><strong>τοῖς</strong></span> <span class='ocrx_word' id='word_1_125' title='bbox 841 2158 926 2245; x_wconf 83' lang='grc' dir='ltr'><strong>περί</strong></span> <span class='ocrx_word' id='word_1_126' title='bbox 956 2160 1092 2244; x_wconf 86' lang='grc' dir='ltr'><strong>νόμιον,</strong></span> <span class='ocrx_word' id='word_1_127' title='bbox 1128 2157 1159 2233; x_wconf 77' lang='grc' dir='ltr'><strong>ὃς</strong></span> <span class='ocrx_word' id='word_1_128' title='bbox 1183 2158 1230 2225; x_wconf 87' lang='grc' dir='ltr'><strong>καί</strong></span> <span class='ocrx_word' id='word_1_129' title='bbox 1255 2157 1386 2244; x_wconf 78' lang='grc' dir='ltr'><strong>Θουρίοις</strong></span> <span class='ocrx_word' id='word_1_130' title='bbox 1414 2156 1517 2240; x_wconf 83' lang='grc' dir='ltr'><strong>νόμους</strong></span> <span class='ocrx_word' id='word_1_131' title='bbox 1541 2151 1656 2240; x_wconf 71' lang='grc' dir='ltr'><strong>γράψαι</strong></span> 
     </span>
    </p>

    <p class='ocr_par' dir='ltr' id='par_1_7' title="bbox 154 2259 404 2359">
     <span class='ocr_line' id='line_1_18' title="bbox 154 2259 404 2359; baseline 0.004 -32"><span class='ocrx_word' id='word_1_132' title='bbox 154 2348 160 2359; x_wconf 39' lang='grc'><strong>,</strong></span> <span class='ocrx_word' id='word_1_133' title='bbox 200 2259 286 2349; x_wconf 81' lang='grc' dir='ltr'><strong>φησίν</strong></span> <span class='ocrx_word' id='word_1_134' title='bbox 310 2261 404 2329; x_wconf 81' lang='grc' dir='ltr'><strong>αὐτόν.</strong></span> 
     </span>
    </p>
   </div>
   <div class='ocr_carea' id='block_1_7' title="bbox 165 2486 1659 5061">
    <p class='ocr_par' dir='ltr' id='par_1_8' title="bbox 201 2486 1659 3727">
     <span class='ocr_line' id='line_1_19' title="bbox 305 2486 1656 2575; baseline -0.004 -18"><span class='ocrx_word' id='word_1_135' title='bbox 305 2489 522 2561; x_wconf 80' lang='lat' dir='ltr'><strong>Plutarchus</strong></span> <span class='ocrx_word' id='word_1_136' title='bbox 545 2513 626 2560; x_wconf 91' lang='lat' dir='ltr'><strong>cum</strong></span> <span class='ocrx_word' id='word_1_137' title='bbox 651 2491 693 2560; x_wconf 94' lang='lat' dir='ltr'><strong>de</strong></span> <span class='ocrx_word' id='word_1_138' title='bbox 718 2489 864 2561; x_wconf 84' lang='lat' dir='ltr'><strong>Solonis</strong></span> <span class='ocrx_word' id='word_1_139' title='bbox 897 2495 971 2560; x_wconf 90' lang='lat' dir='ltr'><strong>vita</strong></span> <span class='ocrx_word' id='word_1_140' title='bbox 994 2492 1153 2561; x_wconf 86' lang='lat' dir='ltr'><strong>scribens</strong></span> <span class='ocrx_word' id='word_1_141' title='bbox 1178 2490 1291 2558; x_wconf 85' lang='lat' dir='ltr'><strong>iacere</strong></span> <span class='ocrx_word' id='word_1_142' title='bbox 1322 2511 1394 2558; x_wconf 93' lang='lat' dir='ltr'><strong>non</strong></span> <span class='ocrx_word' id='word_1_143' title='bbox 1419 2493 1542 2575; x_wconf 88' lang='lat' dir='ltr'><strong>posset</strong></span> <span class='ocrx_word' id='word_1_144' title='bbox 1565 2486 1656 2571; x_wconf 92' lang='lat' dir='ltr'><strong>quin</strong></span> 
     </span>
     <span class='ocr_line' id='line_1_20' title="bbox 201 2590 1653 2682; baseline -0.004 -21"><span class='ocrx_word' id='word_1_145' title='bbox 201 2591 244 2661; x_wconf 94' lang='lat' dir='ltr'><strong>de</strong></span> <span class='ocrx_word' id='word_1_146' title='bbox 267 2592 545 2665; x_wconf 78' lang='lat' dir='ltr'><strong>Atheniensium</strong></span> <span class='ocrx_word' id='word_1_147' title='bbox 568 2594 816 2681; x_wconf 81' lang='lat' dir='ltr'><strong>legumlatoris</strong></span> <span class='ocrx_word' id='word_1_148' title='bbox 841 2594 1059 2664; x_wconf 78' lang='lat' dir='ltr'>celeberrimi</span> <span class='ocrx_word' id='word_1_149' title='bbox 1082 2595 1223 2680; x_wconf 85' lang='lat' dir='ltr'><strong>legibus</strong></span> <span class='ocrx_word' id='word_1_150' title='bbox 1241 2596 1422 2682; x_wconf 83' lang='lat' dir='ltr'><strong>copiosius</strong></span> <span class='ocrx_word' id='word_1_151' title='bbox 1439 2590 1653 2676; x_wconf 83' lang='lat' dir='ltr'><strong>disputaret,</strong></span> 
     </span>
     <span class='ocr_line' id='line_1_21' title="bbox 201 2695 1654 2787; baseline -0.003 -24"><span class='ocrx_word' id='word_1_152' title='bbox 201 2703 363 2768; x_wconf 90' lang='lat' dir='ltr'><strong>auctores</strong></span> <span class='ocrx_word' id='word_1_153' title='bbox 386 2702 639 2786; x_wconf 80' lang='lat' dir='ltr'><strong>circumspexit</strong></span> <span class='ocrx_word' id='word_1_154' title='bbox 662 2721 813 2787; x_wconf 90' lang='lat' dir='ltr'><strong>quorum</strong></span> <span class='ocrx_word' id='word_1_155' title='bbox 838 2702 951 2786; x_wconf 88' lang='lat' dir='ltr'><strong>copiis</strong></span> <span class='ocrx_word' id='word_1_156' title='bbox 973 2703 1181 2777; x_wconf 83' lang='lat' dir='ltr'><strong>instructus,</strong></span> <span class='ocrx_word' id='word_1_157' title='bbox 1204 2704 1396 2786; x_wconf 88' lang='lat' dir='ltr'><strong>postquam</strong></span> <span class='ocrx_word' id='word_1_158' title='bbox 1420 2697 1561 2781; x_wconf 80' lang='lat' dir='ltr'><strong>egregia</strong></span> <span class='ocrx_word' id='word_1_159' title='bbox 1585 2695 1654 2761; x_wconf 86' lang='lat' dir='ltr'><strong>viri</strong></span> 
     </span>
     <span class='ocr_line' id='line_1_22' title="bbox 202 2797 1652 2892; baseline -0.003 -23"><span class='ocrx_word' id='word_1_160' title='bbox 202 2799 245 2869; x_wconf 93' lang='lat' dir='ltr'><strong>de</strong></span> <span class='ocrx_word' id='word_1_161' title='bbox 268 2803 473 2890; x_wconf 89' lang='lat' dir='ltr'><strong>republica</strong></span> <span class='ocrx_word' id='word_1_162' title='bbox 496 2804 749 2874; x_wconf 85' lang='lat' dir='ltr'><strong>constituenda</strong></span> <span class='ocrx_word' id='word_1_163' title='bbox 773 2807 900 2873; x_wconf 89' lang='lat' dir='ltr'><strong>merita</strong></span> <span class='ocrx_word' id='word_1_164' title='bbox 916 2803 1113 2892; x_wconf 76' lang='lat' dir='ltr'><strong>descripsit,</strong></span> <span class='ocrx_word' id='word_1_165' title='bbox 1138 2804 1181 2872; x_wconf 90' lang='lat' dir='ltr'><strong>de</strong></span> <span class='ocrx_word' id='word_1_166' title='bbox 1196 2803 1325 2873; x_wconf 86' lang='lat' dir='ltr'><strong>habitu</strong></span> <span class='ocrx_word' id='word_1_167' title='bbox 1348 2802 1469 2887; x_wconf 85' lang='lat' dir='ltr'><strong>legum</strong></span> <span class='ocrx_word' id='word_1_168' title='bbox 1489 2797 1652 2868; x_wconf 88' lang='lat' dir='ltr'><strong>civilium</strong></span> 
     </span>
     <span class='ocr_line' id='line_1_23' title="bbox 201 2902 1654 2995; baseline -0.002 -22"><span class='ocrx_word' id='word_1_169' title='bbox 201 2902 380 2977; x_wconf 86' lang='lat' dir='ltr'><strong>aSolone</strong></span> <span class='ocrx_word' id='word_1_170' title='bbox 403 2907 625 2979; x_wconf 89' lang='lat' dir='ltr'><strong>conditarum</strong></span> <span class='ocrx_word' id='word_1_171' title='bbox 651 2918 777 2995; x_wconf 81' lang='lat' dir='ltr'><strong>ageret.</strong></span> <span class='ocrx_word' id='word_1_172' title='bbox 825 2906 944 2993; x_wconf 79' lang='lat' dir='ltr'><strong>Elegit</strong></span> <span class='ocrx_word' id='word_1_173' title='bbox 967 2931 985 2977; x_wconf 91' lang='lat' dir='ltr'><strong>e</strong></span> <span class='ocrx_word' id='word_1_174' title='bbox 1009 2930 1155 2978; x_wconf 90' lang='lat' dir='ltr'><strong>numero</strong></span> <span class='ocrx_word' id='word_1_175' title='bbox 1180 2912 1337 2977; x_wconf 88' lang='lat' dir='ltr'><strong>virorum</strong></span> <span class='ocrx_word' id='word_1_176' title='bbox 1362 2906 1654 2975; x_wconf 86' lang='lat' dir='ltr'><strong>doctissimorum</strong></span> 
     </span>
     <span class='ocr_line' id='line_1_24' title="bbox 203 3006 1654 3101; baseline -0.006 -19"><span class='ocrx_word' id='word_1_177' title='bbox 203 3014 263 3101; x_wconf 92' lang='lat' dir='ltr'><strong>qui</strong></span> <span class='ocrx_word' id='word_1_178' title='bbox 298 3012 466 3082; x_wconf 81' lang='lat' dir='ltr'><strong>Cicerone</strong></span> <span class='ocrx_word' id='word_1_179' title='bbox 503 3019 595 3083; x_wconf 91' lang='lat' dir='ltr'><strong>teste</strong></span> <span class='ocrx_word' id='word_1_180' title='bbox 629 3014 726 3083; x_wconf 93' lang='lat' dir='ltr'><strong>hunc</strong></span> <span class='ocrx_word' id='word_1_181' title='bbox 760 3012 901 3082; x_wconf 90' lang='lat' dir='ltr'><strong>civilem</strong></span> <span class='ocrx_word' id='word_1_182' title='bbox 936 3012 1053 3082; x_wconf 91' lang='lat' dir='ltr'><strong>locum</strong></span> <span class='ocrx_word' id='word_1_183' title='bbox 1093 3012 1382 3092; x_wconf 83' lang='lat' dir='ltr'><strong>illustraverant,</strong></span> <span class='ocrx_word' id='word_1_184' title='bbox 1426 3006 1654 3079; x_wconf 76' lang='lat' dir='ltr'><strong>Heraclidem</strong></span> 
     </span>
     <span class='ocr_line' id='line_1_25' title="bbox 202 3113 1655 3201; baseline -0.004 -16"><span class='ocrx_word' id='word_1_185' title='bbox 202 3115 392 3188; x_wconf 89' lang='lat' dir='ltr'><strong>Ponticum</strong></span> <span class='ocrx_word' id='word_1_186' title='bbox 430 3125 465 3185; x_wconf 92' lang='lat' dir='ltr'><strong>et</strong></span> <span class='ocrx_word' id='word_1_187' title='bbox 503 3116 722 3188; x_wconf 90' lang='lat' dir='ltr'><strong>Demetrium</strong></span> <span class='ocrx_word' id='word_1_188' title='bbox 760 3117 984 3187; x_wconf 86' lang='lat' dir='ltr'><strong>Phalereum.</strong></span> <span class='ocrx_word' id='word_1_189' title='bbox 1045 3117 1180 3186; x_wconf 90' lang='lat' dir='ltr'><strong>Horum</strong></span> <span class='ocrx_word' id='word_1_190' title='bbox 1227 3116 1425 3187; x_wconf 83' lang='lat' dir='ltr'><strong>doctrinam</strong></span> <span class='ocrx_word' id='word_1_191' title='bbox 1471 3113 1655 3201; x_wconf 81' lang='lat' dir='ltr'><strong>capitibus</strong></span> 
     </span>
     <span class='ocr_line' id='line_1_26' title="bbox 202 3215 1654 3305; baseline -0.006 -14"><span class='ocrx_word' id='word_1_192' title='bbox 202 3218 446 3291; x_wconf 88' lang='lat' dir='ltr'>XX-XXIV</span> <span class='ocrx_word' id='word_1_193' title='bbox 477 3225 659 3305; x_wconf 84' lang='lat' dir='ltr'><strong>contineri,</strong></span> <span class='ocrx_word' id='word_1_194' title='bbox 694 3244 790 3293; x_wconf 93' lang='lat' dir='ltr'><strong>nunc</strong></span> <span class='ocrx_word' id='word_1_195' title='bbox 821 3243 938 3291; x_wconf 92' lang='lat' dir='ltr'><strong>meum</strong></span> <span class='ocrx_word' id='word_1_196' title='bbox 972 3230 1026 3290; x_wconf 92' lang='lat' dir='ltr'><strong>est</strong></span> <span class='ocrx_word' id='word_1_197' title='bbox 1050 3219 1243 3291; x_wconf 90' lang='lat' dir='ltr'><strong>ostendere.</strong></span> <span class='ocrx_word' id='word_1_198' title='bbox 1302 3220 1517 3290; x_wconf 87' lang='lat' dir='ltr'><strong>Nominatur</strong></span> <span class='ocrx_word' id='word_1_199' title='bbox 1539 3215 1654 3285; x_wconf 89' lang='lat' dir='ltr'><strong>Hera-</strong></span> 
     </span>
     <span class='ocr_line' id='line_1_27' title="bbox 203 3323 1656 3414; baseline -0.003 -20"><span class='ocrx_word' id='word_1_200' title='bbox 203 3325 313 3395; x_wconf 90' lang='lat' dir='ltr'><strong>clides</strong></span> <span class='ocrx_word' id='word_1_201' title='bbox 337 3324 509 3395; x_wconf 90' lang='lat' dir='ltr'><strong>Ponticus</strong></span> <span class='ocrx_word' id='word_1_202' title='bbox 540 3348 615 3414; x_wconf 90' lang='lat' dir='ltr'><strong>cap.</strong></span> <span class='ocrx_word' id='word_1_203' title='bbox 640 3331 682 3396; x_wconf 79' lang='lat'><strong>22</strong></span> <span class='ocrx_word' id='word_1_204' title='bbox 717 3334 841 3397; x_wconf 81' lang='lat' dir='ltr'><strong>auctor</strong></span> <span class='ocrx_word' id='word_1_205' title='bbox 871 3328 990 3395; x_wconf 89' lang='lat' dir='ltr'><strong>nuntii</strong></span> <span class='ocrx_word' id='word_1_206' title='bbox 1025 3325 1068 3395; x_wconf 90' lang='lat' dir='ltr'><strong>de</strong></span> <span class='ocrx_word' id='word_1_207' title='bbox 1098 3325 1176 3411; x_wconf 84' lang='lat' dir='ltr'><strong>lege</strong></span> <span class='ocrx_word' id='word_1_208' title='bbox 1205 3329 1317 3413; x_wconf 91' lang='lat' dir='ltr'><strong>patris</strong></span> <span class='ocrx_word' id='word_1_209' title='bbox 1349 3323 1468 3394; x_wconf 90' lang='lat' dir='ltr'><strong>afilio</strong></span> <span class='ocrx_word' id='word_1_210' title='bbox 1493 3344 1511 3392; x_wconf 92' lang='lat' dir='ltr'><strong>e</strong></span> <span class='ocrx_word' id='word_1_211' title='bbox 1535 3327 1656 3391; x_wconf 90' lang='lat' dir='ltr'><strong>scorto</strong></span> 
     </span>
     <span class='ocr_line' id='line_1_28' title="bbox 203 3427 1655 3516; baseline -0.001 -18"><span class='ocrx_word' id='word_1_212' title='bbox 203 3435 288 3498; x_wconf 86' lang='lat' dir='ltr'><strong>nato</strong></span> <span class='ocrx_word' id='word_1_213' title='bbox 312 3451 386 3499; x_wconf 92' lang='lat' dir='ltr'><strong>non</strong></span> <span class='ocrx_word' id='word_1_214' title='bbox 407 3427 544 3509; x_wconf 86' lang='lat' dir='ltr'><strong>alendi;</strong></span> <span class='ocrx_word' id='word_1_215' title='bbox 574 3430 635 3500; x_wconf 89' lang='lat' dir='ltr'><strong>sed</strong></span> <span class='ocrx_word' id='word_1_216' title='bbox 660 3439 696 3500; x_wconf 89' lang='lat' dir='ltr'><strong>et</strong></span> <span class='ocrx_word' id='word_1_217' title='bbox 718 3434 826 3504; x_wconf 88' lang='lat' dir='ltr'><strong>verba</strong></span> <span class='ocrx_word' id='word_1_218' title='bbox 849 3432 941 3495; x_wconf 76' lang='grc' dir='ltr'><strong>ἐκεῖνο</strong></span> <span class='ocrx_word' id='word_1_219' title='bbox 964 3428 992 3494; x_wconf 77' lang='grc' dir='ltr'><strong>δ’</strong></span> <span class='ocrx_word' id='word_1_220' title='bbox 1011 3427 1068 3514; x_wconf 76' lang='grc' dir='ltr'><strong>ἤδη</strong></span> <span class='ocrx_word' id='word_1_221' title='bbox 1093 3429 1284 3516; x_wconf 76' lang='grc' dir='ltr'><strong>σφοδρότερον</strong></span> <span class='ocrx_word' id='word_1_222' title='bbox 1314 3431 1556 3516; x_wconf 82' lang='lat' dir='ltr'><strong>comparativo</strong></span> <span class='ocrx_word' id='word_1_223' title='bbox 1583 3430 1655 3496; x_wconf 90' lang='lat' dir='ltr'><strong>isto</strong></span> 
     </span>
     <span class='ocr_line' id='line_1_29' title="bbox 204 3530 1659 3622; baseline -0.007 -20"><span class='ocrx_word' id='word_1_224' title='bbox 204 3530 249 3602; x_wconf 90' lang='lat' dir='ltr'><strong>ad</strong></span> <span class='ocrx_word' id='word_1_225' title='bbox 272 3532 519 3604; x_wconf 88' lang='lat' dir='ltr'><strong>antecedentia</strong></span> <span class='ocrx_word' id='word_1_226' title='bbox 549 3557 615 3604; x_wconf 90' lang='lat' dir='ltr'><strong>nos</strong></span> <span class='ocrx_word' id='word_1_227' title='bbox 644 3535 802 3622; x_wconf 83' lang='lat' dir='ltr'><strong>relegant</strong></span> <span class='ocrx_word' id='word_1_228' title='bbox 826 3544 860 3604; x_wconf 88' lang='lat' dir='ltr'><strong>et</strong></span> <span class='ocrx_word' id='word_1_229' title='bbox 883 3535 993 3602; x_wconf 88' lang='lat' dir='ltr'><strong>verba</strong></span> <span class='ocrx_word' id='word_1_230' title='bbox 1020 3535 1052 3598; x_wconf 77' lang='grc' dir='ltr'><strong>τὸ</strong></span> <span class='ocrx_word' id='word_1_231' title='bbox 1084 3533 1158 3620; x_wconf 77' lang='grc' dir='ltr'><strong>μηδὲ</strong></span> <span class='ocrx_word' id='word_1_232' title='bbox 1188 3538 1246 3607; x_wconf 77' lang='grc' dir='ltr'><strong>τοῖς</strong></span> <span class='ocrx_word' id='word_1_233' title='bbox 1277 3536 1306 3608; x_wconf 78' lang='grc' dir='ltr'><strong>ἐξ</strong></span> <span class='ocrx_word' id='word_1_234' title='bbox 1340 3531 1456 3619; x_wconf 77' lang='grc' dir='ltr'><strong>ἑταίρας</strong></span> <span class='ocrx_word' id='word_1_235' title='bbox 1489 3531 1659 3616; x_wconf 75' lang='grc' dir='ltr'><strong>γενομένοις</strong></span> 
     </span>
     <span class='ocr_line' id='line_1_30' title="bbox 204 3637 1656 3727; baseline 0.001 -26"><span class='ocrx_word' id='word_1_236' title='bbox 204 3637 365 3722; x_wconf 77' lang='grc' dir='ltr'><strong>ἐπάναγκες</strong></span> <span class='ocrx_word' id='word_1_237' title='bbox 397 3637 469 3702; x_wconf 85' lang='grc' dir='ltr'><strong>εἶναι</strong></span> <span class='ocrx_word' id='word_1_238' title='bbox 498 3639 563 3711; x_wconf 85' lang='grc' dir='ltr'><strong>τούς</strong></span> <span class='ocrx_word' id='word_1_239' title='bbox 592 3640 718 3726; x_wconf 85' lang='grc' dir='ltr'><strong>πατέρας</strong></span> <span class='ocrx_word' id='word_1_240' title='bbox 749 3640 864 3727; x_wconf 85' lang='grc' dir='ltr'><strong>τρέφειν</strong></span> <span class='ocrx_word' id='word_1_241' title='bbox 898 3642 1068 3707; x_wconf 76' lang='lat' dir='ltr'><strong>evincunt</strong></span> <span class='ocrx_word' id='word_1_242' title='bbox 1101 3639 1189 3708; x_wconf 80' lang='lat' dir='ltr'><strong>haee</strong></span> <span class='ocrx_word' id='word_1_243' title='bbox 1223 3641 1400 3707; x_wconf 78' lang='lat' dir='ltr'><strong>artissime</strong></span> <span class='ocrx_word' id='word_1_244' title='bbox 1435 3658 1515 3705; x_wconf 84' lang='lat' dir='ltr'><strong>cum</strong></span> <span class='ocrx_word' id='word_1_245' title='bbox 1551 3641 1656 3703; x_wconf 79' lang='lat' dir='ltr'><strong>anie-</strong></span> 
     </span>
    </p>

    <p class='ocr_par' dir='ltr' id='par_1_9' title="bbox 165 3739 1659 4041">
     <span class='ocr_line' id='line_1_31' title="bbox 165 3739 1659 3829; baseline -0.007 -17"><span class='ocrx_word' id='word_1_246' title='bbox 165 3750 169 3761; x_wconf 90' lang='lat'>&#39;</span> <span class='ocrx_word' id='word_1_247' title='bbox 204 3740 413 3813; x_wconf 87' lang='lat' dir='ltr'><strong>cedentibus</strong></span> <span class='ocrx_word' id='word_1_248' title='bbox 447 3742 644 3824; x_wconf 84' lang='lat' dir='ltr'><strong>cohaerere,</strong></span> <span class='ocrx_word' id='word_1_249' title='bbox 678 3746 741 3816; x_wconf 91' lang='lat' dir='ltr'><strong>ubi</strong></span> <span class='ocrx_word' id='word_1_250' title='bbox 774 3743 919 3829; x_wconf 85' lang='lat' dir='ltr'><strong>legitur:</strong></span> <span class='ocrx_word' id='word_1_251' title='bbox 956 3743 1010 3827; x_wconf 77' lang='grc' dir='ltr'><strong>υἱῷ</strong></span> <span class='ocrx_word' id='word_1_252' title='bbox 1035 3742 1149 3829; x_wconf 78' lang='grc' dir='ltr'><strong>τρέφειν</strong></span> <span class='ocrx_word' id='word_1_253' title='bbox 1179 3743 1226 3806; x_wconf 76' lang='grc' dir='ltr'><strong>τὸν</strong></span> <span class='ocrx_word' id='word_1_254' title='bbox 1257 3742 1369 3828; x_wconf 78' lang='grc' dir='ltr'><strong>πατέρα</strong></span> <span class='ocrx_word' id='word_1_255' title='bbox 1401 3742 1440 3826; x_wconf 71' lang='grc' dir='ltr'><strong>μὴ</strong></span> <span class='ocrx_word' id='word_1_256' title='bbox 1465 3739 1659 3824; x_wconf 74' lang='grc' dir='ltr'><strong>διδαξάμενον</strong></span> 
     </span>
     <span class='ocr_line' id='line_1_32' title="bbox 203 3845 1657 3934; baseline 0 -22"><span class='ocrx_word' id='word_1_257' title='bbox 203 3846 308 3934; x_wconf 74' lang='grc' dir='ltr'><strong>τέχνην</strong></span> <span class='ocrx_word' id='word_1_258' title='bbox 338 3845 498 3932; x_wconf 77' lang='grc' dir='ltr'><strong>ἐπάναγκες</strong></span> <span class='ocrx_word' id='word_1_259' title='bbox 533 3847 573 3932; x_wconf 76' lang='grc' dir='ltr'><strong>μὴ</strong></span> <span class='ocrx_word' id='word_1_260' title='bbox 609 3846 690 3913; x_wconf 79' lang='grc' dir='ltr'><strong>εἶναι.</strong></span> <span class='ocrx_word' id='word_1_261' title='bbox 746 3847 815 3917; x_wconf 82' lang='lat' dir='ltr'><strong>Sed</strong></span> <span class='ocrx_word' id='word_1_262' title='bbox 851 3851 959 3917; x_wconf 87' lang='lat' dir='ltr'><strong>etiam</strong></span> <span class='ocrx_word' id='word_1_263' title='bbox 994 3868 1084 3934; x_wconf 86' lang='lat' dir='ltr'><strong>quae</strong></span> <span class='ocrx_word' id='word_1_264' title='bbox 1118 3850 1327 3916; x_wconf 89' lang='lat' dir='ltr'><strong>insecuntur</strong></span> <span class='ocrx_word' id='word_1_265' title='bbox 1357 3845 1427 3914; x_wconf 94' lang='lat' dir='ltr'><strong>huc</strong></span> <span class='ocrx_word' id='word_1_266' title='bbox 1458 3847 1657 3931; x_wconf 89' lang='lat' dir='ltr'><strong>pertinent:</strong></span> 
     </span>
     <span class='ocr_line' id='line_1_33' title="bbox 204 3948 1657 4041; baseline -0.005 -22"><span class='ocrx_word' id='word_1_267' title='bbox 204 3954 445 4039; x_wconf 79' lang='lat' dir='ltr'><strong>comparativo</strong></span> <span class='ocrx_word' id='word_1_268' title='bbox 476 3951 667 4039; x_wconf 81' lang='grc' dir='ltr'><strong>σφοδρότερον</strong></span> <span class='ocrx_word' id='word_1_269' title='bbox 698 3956 891 4041; x_wconf 81' lang='lat' dir='ltr'><strong>opponitur</strong></span> <span class='ocrx_word' id='word_1_270' title='bbox 923 3948 998 4023; x_wconf 69' lang='grc' dir='ltr'><strong>’όλως</strong></span> <span class='ocrx_word' id='word_1_271' title='bbox 1027 3949 1060 4014; x_wconf 78' lang='grc' dir='ltr'><strong>δέ</strong></span> <span class='ocrx_word' id='word_1_272' title='bbox 1088 3949 1224 4034; x_wconf 73' lang='grc' dir='ltr'><strong>πλείστην</strong></span> <span class='ocrx_word' id='word_1_273' title='bbox 1256 3950 1335 4038; x_wconf 83' lang='grc' dir='ltr'><strong>ἔχειν</strong></span> <span class='ocrx_word' id='word_1_274' title='bbox 1367 3948 1489 4015; x_wconf 84' lang='grc' dir='ltr'><strong>ἀτοπίαν</strong></span> <span class='ocrx_word' id='word_1_275' title='bbox 1512 3952 1657 4013; x_wconf 76' lang='grc' dir='ltr'><strong>δοκοῦσιν.</strong></span> 
     </span>
    </p>

    <p class='ocr_par' dir='ltr' id='par_1_10' title="bbox 172 4053 1659 5061">
     <span class='ocr_line' id='line_1_34' title="bbox 172 4053 1657 4144; baseline -0.003 -18"><span class='ocrx_word' id='word_1_276' title='bbox 172 4074 179 4093; x_wconf 83' lang='grc'><strong><em>’</em></strong></span> <span class='ocrx_word' id='word_1_277' title='bbox 205 4057 325 4143; x_wconf 83' lang='lat' dir='ltr'><strong>Atque</strong></span> <span class='ocrx_word' id='word_1_278' title='bbox 347 4058 380 4124; x_wconf 92' lang='lat' dir='ltr'><strong>si</strong></span> <span class='ocrx_word' id='word_1_279' title='bbox 403 4053 489 4142; x_wconf 90' lang='lat' dir='ltr'><strong>quid</strong></span> <span class='ocrx_word' id='word_1_280' title='bbox 512 4058 583 4124; x_wconf 87' lang='lat' dir='ltr'><strong>iam</strong></span> <span class='ocrx_word' id='word_1_281' title='bbox 608 4077 698 4144; x_wconf 86' lang='lat' dir='ltr'><strong>opus</strong></span> <span class='ocrx_word' id='word_1_282' title='bbox 722 4063 776 4126; x_wconf 88' lang='lat' dir='ltr'><strong>est</strong></span> <span class='ocrx_word' id='word_1_283' title='bbox 800 4058 1009 4141; x_wconf 78' lang='lat' dir='ltr'><strong>argumenti,</strong></span> <span class='ocrx_word' id='word_1_284' title='bbox 1041 4053 1310 4142; x_wconf 86' lang='lat' dir='ltr'><strong>Theophrastus</strong></span> <span class='ocrx_word' id='word_1_285' title='bbox 1343 4055 1398 4138; x_wconf 88' lang='lat' dir='ltr'><strong>(ir.</strong></span> <span class='ocrx_word' id='word_1_286' title='bbox 1426 4057 1482 4135; x_wconf 82' lang='lat'><strong>19)</strong></span> <span class='ocrx_word' id='word_1_287' title='bbox 1514 4061 1657 4140; x_wconf 82' lang='lat' dir='ltr'><strong>pugnat</strong></span> 
     </span>
     <span class='ocr_line' id='line_1_35' title="bbox 205 4155 1657 4246; baseline -0.008 -17"><span class='ocrx_word' id='word_1_288' title='bbox 205 4167 329 4229; x_wconf 90' lang='lat' dir='ltr'><strong>contra</strong></span> <span class='ocrx_word' id='word_1_289' title='bbox 362 4180 444 4228; x_wconf 89' lang='lat' dir='ltr'><strong>eum</strong></span> <span class='ocrx_word' id='word_1_290' title='bbox 478 4162 540 4246; x_wconf 92' lang='lat' dir='ltr'><strong>qui</strong></span> <span class='ocrx_word' id='word_1_291' title='bbox 572 4158 688 4246; x_wconf 82' lang='lat' dir='ltr'><strong>legem</strong></span> <span class='ocrx_word' id='word_1_292' title='bbox 721 4159 764 4229; x_wconf 88' lang='lat' dir='ltr'><strong>de</strong></span> <span class='ocrx_word' id='word_1_293' title='bbox 791 4157 929 4229; x_wconf 87' lang='lat' dir='ltr'><strong>desidia</strong></span> <span class='ocrx_word' id='word_1_294' title='bbox 960 4157 1087 4229; x_wconf 80' lang='lat' dir='ltr'><strong>Saloni</strong></span> <span class='ocrx_word' id='word_1_295' title='bbox 1121 4157 1311 4246; x_wconf 86' lang='lat' dir='ltr'><strong>adscripsit</strong></span> <span class='ocrx_word' id='word_1_296' title='bbox 1345 4157 1390 4236; x_wconf 80' lang='grc' dir='ltr'><strong>(οὐ</strong></span> <span class='ocrx_word' id='word_1_297' title='bbox 1413 4155 1514 4222; x_wconf 77' lang='grc' dir='ltr'><strong>Σόλων</strong></span> <span class='ocrx_word' id='word_1_298' title='bbox 1538 4155 1657 4239; x_wconf 71' lang='grc' dir='ltr'><strong>ἔθηκεν,</strong></span> 
     </span>
     <span class='ocr_line' id='line_1_36' title="bbox 205 4261 1657 4350; baseline 0 -20"><span class='ocrx_word' id='word_1_299' title='bbox 205 4262 283 4330; x_wconf 77' lang='grc' dir='ltr'><strong>ἀλλὰ</strong></span> <span class='ocrx_word' id='word_1_300' title='bbox 307 4261 535 4350; x_wconf 59' lang='lat' dir='ltr'><strong>uaesanae:</strong></span> <span class='ocrx_word' id='word_1_301' title='bbox 560 4284 642 4334; x_wconf 93' lang='lat' dir='ltr'><strong>cum</strong></span> <span class='ocrx_word' id='word_1_302' title='bbox 665 4287 729 4334; x_wconf 92' lang='lat' dir='ltr'><strong>uec</strong></span> <span class='ocrx_word' id='word_1_303' title='bbox 745 4263 850 4333; x_wconf 86' lang='lat' dir='ltr'><strong>Plato</strong></span> <span class='ocrx_word' id='word_1_304' title='bbox 875 4261 1166 4332; x_wconf 86' lang='lat' dir='ltr'><strong>uecAristoteles</strong></span> <span class='ocrx_word' id='word_1_305' title='bbox 1190 4262 1299 4332; x_wconf 88' lang='lat' dir='ltr'><strong>huius</strong></span> <span class='ocrx_word' id='word_1_306' title='bbox 1322 4263 1413 4346; x_wconf 81' lang='lat' dir='ltr'><strong>legis</strong></span> <span class='ocrx_word' id='word_1_307' title='bbox 1438 4265 1657 4331; x_wconf 88' lang='lat' dir='ltr'><strong>mentionem</strong></span> 
     </span>
     <span class='ocr_line' id='line_1_37' title="bbox 206 4364 1655 4456; baseline -0.004 -18"><span class='ocrx_word' id='word_1_308' title='bbox 206 4368 349 4449; x_wconf 84' lang='lat' dir='ltr'><strong>faciant,</strong></span> <span class='ocrx_word' id='word_1_309' title='bbox 372 4365 522 4437; x_wconf 89' lang='lat' dir='ltr'><strong>dubium</strong></span> <span class='ocrx_word' id='word_1_310' title='bbox 546 4389 624 4437; x_wconf 87' lang='lat' dir='ltr'><strong>esse</strong></span> <span class='ocrx_word' id='word_1_311' title='bbox 647 4390 721 4437; x_wconf 91' lang='lat' dir='ltr'><strong>non</strong></span> <span class='ocrx_word' id='word_1_312' title='bbox 736 4374 857 4456; x_wconf 89' lang='lat' dir='ltr'><strong>potest</strong></span> <span class='ocrx_word' id='word_1_313' title='bbox 873 4369 959 4455; x_wconf 90' lang='lat' dir='ltr'><strong>quin</strong></span> <span class='ocrx_word' id='word_1_314' title='bbox 976 4365 1246 4454; x_wconf 88' lang='lat' dir='ltr'><strong>Theophrastus</strong></span> <span class='ocrx_word' id='word_1_315' title='bbox 1262 4364 1445 4437; x_wconf 89' lang='lat' dir='ltr'><strong>Heraclidi</strong></span> <span class='ocrx_word' id='word_1_316' title='bbox 1461 4364 1655 4435; x_wconf 89' lang='lat' dir='ltr'><strong>oblocutus</strong></span> 
     </span>
     <span class='ocr_line' id='line_1_38' title="bbox 206 4469 1658 4559; baseline -0.005 -16"><span class='ocrx_word' id='word_1_317' title='bbox 206 4477 263 4543; x_wconf 84' lang='lat' dir='ltr'><strong>sit</strong></span> <span class='ocrx_word' id='word_1_318' title='bbox 308 4472 433 4559; x_wconf 88' lang='lat' dir='ltr'><strong>Itaque</strong></span> <span class='ocrx_word' id='word_1_319' title='bbox 457 4471 555 4541; x_wconf 73' lang='grc'><strong>1111</strong></span> <span class='ocrx_word' id='word_1_320' title='bbox 580 4470 780 4541; x_wconf 88' lang='lat' dir='ltr'><strong>Heraclidis</strong></span> <span class='ocrx_word' id='word_1_321' title='bbox 804 4480 868 4542; x_wconf 89' lang='lat' dir='ltr'><strong>est.</strong></span> <span class='ocrx_word' id='word_1_322' title='bbox 914 4471 956 4540; x_wconf 94' lang='lat' dir='ltr'><strong>In</strong></span> <span class='ocrx_word' id='word_1_323' title='bbox 980 4469 1048 4540; x_wconf 94' lang='lat' dir='ltr'><strong>hoc</strong></span> <span class='ocrx_word' id='word_1_324' title='bbox 1073 4470 1115 4540; x_wconf 92' lang='lat' dir='ltr'><strong>de</strong></span> <span class='ocrx_word' id='word_1_325' title='bbox 1140 4470 1327 4541; x_wconf 92' lang='lat' dir='ltr'><strong>nonnullis</strong></span> <span class='ocrx_word' id='word_1_326' title='bbox 1345 4469 1490 4539; x_wconf 85' lang='lat' dir='ltr'><strong>Solonis</strong></span> <span class='ocrx_word' id='word_1_327' title='bbox 1514 4469 1658 4554; x_wconf 82' lang='lat' dir='ltr'><strong>legibus</strong></span> 
     </span>
     <span class='ocr_line' id='line_1_39' title="bbox 206 4571 1659 4664; baseline -0.003 -18"><span class='ocrx_word' id='word_1_328' title='bbox 206 4581 258 4646; x_wconf 85' lang='lat' dir='ltr'><strong>sic</strong></span> <span class='ocrx_word' id='word_1_329' title='bbox 281 4574 496 4664; x_wconf 85' lang='lat' dir='ltr'><strong>disputatur,</strong></span> <span class='ocrx_word' id='word_1_330' title='bbox 530 4584 571 4644; x_wconf 90' lang='lat' dir='ltr'><strong>ut</strong></span> <span class='ocrx_word' id='word_1_331' title='bbox 600 4575 697 4661; x_wconf 81' lang='lat' dir='ltr'><strong>leges</strong></span> <span class='ocrx_word' id='word_1_332' title='bbox 729 4598 819 4664; x_wconf 86' lang='lat' dir='ltr'><strong>quae</strong></span> <span class='ocrx_word' id='word_1_333' title='bbox 849 4576 1046 4646; x_wconf 87' lang='lat' dir='ltr'><strong>acerbiores</strong></span> <span class='ocrx_word' id='word_1_334' title='bbox 1077 4573 1135 4644; x_wconf 89' lang='lat' dir='ltr'><strong>vel</strong></span> <span class='ocrx_word' id='word_1_335' title='bbox 1166 4573 1342 4645; x_wconf 90' lang='lat' dir='ltr'><strong>absurdae</strong></span> <span class='ocrx_word' id='word_1_336' title='bbox 1376 4596 1454 4643; x_wconf 90' lang='lat' dir='ltr'><strong>esse</strong></span> <span class='ocrx_word' id='word_1_337' title='bbox 1477 4571 1659 4653; x_wconf 79' lang='lat' dir='ltr'><strong>videntur,</strong></span> 
     </span>
     <span class='ocr_line' id='line_1_40' title="bbox 207 4676 1659 4769; baseline 0 -19"><span class='ocrx_word' id='word_1_338' title='bbox 207 4702 314 4769; x_wconf 87' lang='lat' dir='ltr'><strong>quam</strong></span> <span class='ocrx_word' id='word_1_339' title='bbox 348 4681 395 4751; x_wconf 89' lang='lat' dir='ltr'><strong>oh</strong></span> <span class='ocrx_word' id='word_1_340' title='bbox 429 4699 502 4748; x_wconf 90' lang='lat' dir='ltr'><strong>rem</strong></span> <span class='ocrx_word' id='word_1_341' title='bbox 530 4701 551 4748; x_wconf 94' lang='lat' dir='ltr'><strong>a</strong></span> <span class='ocrx_word' id='word_1_342' title='bbox 577 4679 711 4750; x_wconf 86' lang='lat' dir='ltr'><strong>Solone</strong></span> <span class='ocrx_word' id='word_1_343' title='bbox 744 4679 839 4750; x_wconf 89' lang='lat' dir='ltr'><strong>latae</strong></span> <span class='ocrx_word' id='word_1_344' title='bbox 870 4684 953 4758; x_wconf 82' lang='lat' dir='ltr'><strong>sint,</strong></span> <span class='ocrx_word' id='word_1_345' title='bbox 989 4678 1218 4766; x_wconf 89' lang='lat' dir='ltr'><strong>explicentur.</strong></span> <span class='ocrx_word' id='word_1_346' title='bbox 1286 4676 1384 4747; x_wconf 92' lang='lat' dir='ltr'><strong>Idem</strong></span> <span class='ocrx_word' id='word_1_347' title='bbox 1419 4676 1462 4748; x_wconf 89' lang='lat' dir='ltr'><strong>fit</strong></span> <span class='ocrx_word' id='word_1_348' title='bbox 1497 4699 1573 4765; x_wconf 88' lang='lat' dir='ltr'><strong>cap.</strong></span> <span class='ocrx_word' id='word_1_349' title='bbox 1605 4683 1659 4751; x_wconf 80' lang='lat'><strong>20.</strong></span> 
     </span>
     <span class='ocr_line' id='line_1_41' title="bbox 205 4781 1654 4873; baseline -0.004 -17"><span class='ocrx_word' id='word_1_350' title='bbox 205 4784 314 4873; x_wconf 82' lang='lat' dir='ltr'><strong>plane</strong></span> <span class='ocrx_word' id='word_1_351' title='bbox 357 4781 481 4854; x_wconf 88' lang='lat' dir='ltr'><strong>eodem</strong></span> <span class='ocrx_word' id='word_1_352' title='bbox 526 4782 649 4863; x_wconf 87' lang='lat' dir='ltr'><strong>modo;</strong></span> <span class='ocrx_word' id='word_1_353' title='bbox 694 4782 920 4854; x_wconf 89' lang='lat' dir='ltr'><strong>Heraclidem</strong></span> <span class='ocrx_word' id='word_1_354' title='bbox 965 4786 1071 4853; x_wconf 87' lang='lat' dir='ltr'><strong>etiam</strong></span> <span class='ocrx_word' id='word_1_355' title='bbox 1117 4784 1186 4853; x_wconf 93' lang='lat' dir='ltr'><strong>hoc</strong></span> <span class='ocrx_word' id='word_1_356' title='bbox 1227 4782 1304 4852; x_wconf 94' lang='lat' dir='ltr'><strong>loco</strong></span> <span class='ocrx_word' id='word_1_357' title='bbox 1344 4791 1524 4851; x_wconf 88' lang='lat' dir='ltr'><strong>auctorem</strong></span> <span class='ocrx_word' id='word_1_358' title='bbox 1563 4781 1654 4851; x_wconf 93' lang='lat' dir='ltr'><strong>Plu-</strong></span> 
     </span>
     <span class='ocr_line' id='line_1_42' title="bbox 206 4885 1658 4975; baseline -0.003 -16"><span class='ocrx_word' id='word_1_359' title='bbox 206 4889 320 4959; x_wconf 80' lang='lat' dir='ltr'><strong>tarchi</strong></span> <span class='ocrx_word' id='word_1_360' title='bbox 364 4887 485 4968; x_wconf 85' lang='lat' dir='ltr'><strong>luisse,</strong></span> <span class='ocrx_word' id='word_1_361' title='bbox 530 4886 717 4957; x_wconf 81' lang='lat' dir='ltr'><strong>manifeste</strong></span> <span class='ocrx_word' id='word_1_362' title='bbox 762 4887 929 4958; x_wconf 89' lang='lat' dir='ltr'><strong>docemur</strong></span> <span class='ocrx_word' id='word_1_363' title='bbox 973 4895 1220 4975; x_wconf 87' lang='lat' dir='ltr'><strong>comparantes</strong></span> <span class='ocrx_word' id='word_1_364' title='bbox 1267 4908 1356 4974; x_wconf 88' lang='lat' dir='ltr'><strong>quae</strong></span> <span class='ocrx_word' id='word_1_365' title='bbox 1403 4885 1571 4956; x_wconf 87' lang='lat' dir='ltr'><strong>dicuntur</strong></span> <span class='ocrx_word' id='word_1_366' title='bbox 1615 4886 1658 4955; x_wconf 92' lang='lat' dir='ltr'><strong>de</strong></span> 
     </span>
     <span class='ocr_line' id='line_1_43' title="bbox 206 4992 434 5061; baseline 0 0"><span class='ocrx_word' id='word_1_367' title='bbox 206 4992 434 5061; x_wconf 74' lang='lat' dir='ltr'><strong>matrimonio</strong></span> 
     </span>
    </p>
   </div>
   <div class='ocr_carea' id='block_1_8' title="bbox 0 0 1797 5574">
    <p class='ocr_par' dir='ltr' id='par_1_11' title="bbox 0 0 1797 5574">
     <span class='ocr_line' id='line_1_44' title="bbox 0 0 1797 5574; baseline 0 0"><span class='ocrx_word' id='word_1_368' title='bbox 0 0 1797 5574; x_wconf 95' lang='lat' dir='ltr'><strong> </strong></span> 
     </span>
    </p>
   </div>
  </div>
 </body>
</html>
