3570 5574
836 431 875 494 91

233 632 495 718 Ἠρακλείδης
529 631 557 697 δ’
582 637 620 698 ἐν
655 633 819 699 κτίσεσιν
854 635 959 719 ἱερῶν
1001 630 1065 718 περὶ
1097 630 1284 719 Ἀκαρνανίαν
1318 632 1413 718 φησίν,
1449 632 1520 697 ἔνθα
1555 634 1585 697 td
1615 629 1663 699 θθ

127 733 241 802 ι’.λκτιύν
277 742 352 801 ἐστιν
387 730 566 824 ἀκρωτήριον
601 735 650 802 καί
684 743 734 803 τοῦ
766 737 945 811 Ἀπόλλωνος
980 743 1030 801 τοδ
1061 735 1172 803 Ἀκτίου
1207 738 1237 800 τδ
1273 736 1362 823 ἱερόν,
1397 740 1457 810 ταῖς
1492 737 1587 821 μυίαις

132 842 314 927 τροθύεσθαι
338 845 414 927 βοδν.

241 946 354 1020 Κτίσεις
385 948 471 1033 ἰερῶν
509 948 620 1017 aliurn
650 947 808 1018 eiusdem
841 949 923 1018 libri
952 945 1153 1017 Heraclidci
1177 947 1334 1024 titulum,
1365 948 1420 1015 vel
1451 959 1587 1034 partem

133 1056 210 1120 eius
237 1054 358 1131 fuisse,
382 1076 454 1122 non
479 1053 650 1122 audacius
675 1060 728 1121 cst
752 1056 921 1129 conicere,
947 1075 1164 1139 quamquam
1198 1052 1328 1121 titulus
1358 1054 1462 1118 κτίσεις
1494 1058 1586 1141 peri-

141 1166 263 1241 egetae
286 1161 401 1243 magis
427 1166 578 1228 aetatem
603 1156 748 1238 indicat,
773 1161 834 1246 qui
858 1162 934 1244 ipse
952 1180 1093 1245 queque
1109 1156 1212 1230 κτίσεις
1230 1161 1379 1244 scripsit.
1421 1158 1587 1227 Fortasse

135 1283 178 1329 ex
202 1261 330 1332 Lembi
367 1283 469 1350 opere
502 1262 657 1350 quodam
687 1265 755 1334 hoc
785 1262 1023 1348 fragmentum
1054 1262 1167 1332 fluxit.
1217 1263 1266 1330 Cf.
1293 1283 1383 1348 quac
1406 1262 1588 1351 disputavi

136 1363 181 1433 ad
205 1365 327 1450 lragm.
355 1372 425 1435 103.

346 1539 463 1608 Schol.
490 1540 611 1629 Eurip.
637 1541 770 1610 Alcest.
797 1547 859 1610 968
884 1540 1016 1609 Schu:

240 1661 255 1724 ὁ
280 1660 312 1724 δὲ
336 1663 454 1747 φυσικὸς
478 1663 626 1743 (ΙΙοντικδτ
651 1667 740 1732 coni.
768 1664 927 1750 Bernays
953 1663 1032 1732 Ges.
1055 1664 1182 1733 Abhl
1206 1686 1239 1750 p.
1258 1668 1310 1741 15)
1330 1661 1589 1749 Ἡρακλείδης
1622 1657 1692 1729 teu

136 1766 210 1830 εἶναι
234 1761 322 1839 ὅντως
346 1765 416 1852 ’ρησί
441 1766 557 1839 σανίδας
589 1769 665 1840 τινὰς
687 1767 821 1854 Ὀρφέως
844 1766 963 1853 ηραίρων
987 1764 1091 1840 οὕτως’
1126 1768 1157 1831 τὸ
1192 1766 1224 1831 δέ
1258 1773 1307 1832 τοδ
1338 1767 1475 1833 Διονύσου
1507 1791 1589 1830 κατε-

138 1870 295 1935 σκεύασται
321 1870 392 1954 lsai:
415 1872 480 1941 del.
495 1870 651 1955 Wilam.l
677 1878 726 1958 της
743 1873 860 1958 Θράκης
884 1871 930 1936 ἐπὶ
954 1878 1004 1936 τοδ
1027 1873 1206 1956 καλουμένου
1233 1871 1333 1957 λίμου,
1357 1869 1430 1936 ὅπου
1453 1871 1489 1955 δή
1512 1897 1589 1944 τινας

138 1979 168 2039 ἐν
192 1974 301 2040 σανίσιν
324 1974 495 2064 ἀναγραφὰς
519 1976 593 2043 εἷναί
615 2003 702 2064 φασιν
722 1977 878 2064 (Ὀρφέως
902 1977 981 2047 add.
999 1976 1173 2058 Wilam.).

347 2153 451 2221 Phoi.
477 2175 503 2221 S.
529 2176 560 2221 v.
586 2151 842 2219 .1ύσιοιτελεταί;

243 2278 274 2340 αἱ
297 2274 444 2340 Διονύσου.
473 2273 596 2339 Βοιωτοί
619 2275 674 2360 γὰρ
698 2272 815 2345 ἁλόντες
851 2271 906 2337 ὑπὸ
936 2275 1059 2358 Θρακῶν
1093 2269 1142 2335 καί
1176 2272 1313 2359 φυγόντες
1348 2276 1376 2345 ἐς
1414 2273 1590 2360 Τροφωνίου,
1623 2268 1690 2340 llll

138 2380 204 2444 κατ’
231 2378 301 2466 ὅναρ
337 2379 448 2445 ἐκείνου
483 2380 619 2444 Διόνυσον
655 2379 775 2443 ἔσεσθαι
809 2377 919 2463 βοηθίν
953 2375 1105 2463 φήσαντος,
1145 2376 1300 2460 μεθύουσιν
1335 2378 1501 2463 ἐπιθέμενοι
1535 2382 1592 2451 τοῖς

138 2485 243 2574 θρηξίν
267 2487 372 2550 ἔλυσαν
395 2485 547 2570 ἀλλήλους,
572 2483 621 2548 καί
645 2483 786 2549 Διονύσου
810 2481 916 2547 Λυσίου
946 2483 1021 2567 ἱερὸν
1051 2481 1210 2568 ἱδρύσαντο,
1234 2481 1271 2555 ὡς
1290 2480 1548 2568 Ἡρακλείδης
1576 2483 1592 2548 ὁ

141 2591 331 2663 Ποντικός.

349 2766 403 2834 Ht.
422 2765 540 2849 Magn.
559 2788 585 2831 s.
604 2786 635 2831 v.
655 2761 805 2848 [Ιαγασίοο
826 2761 1007 2833 Ἀπόλλωνος
1031 2762 1072 2830 cf.
1091 2759 1210 2830 Miller
1234 2763 1418 2848 lldlanges
1442 2785 1474 2848 p.
1489 2766 1568 2832 233:

239 2885 492 2972 Ἡρακλείδης
516 2885 532 2950 δ
558 2886 742 2957 ΙΙόντικδς
767 2887 804 2948 ἐν
826 2892 873 2970 τῷ
892 2882 974 2970 περὶ
998 2881 1244 2970 χρηστηρίων
1267 2885 1315 2949 διὰ
1339 2885 1370 2948 τδ
1394 2887 1424 2948 ἐν
1441 2882 1592 2968 limaces
1625 2885 1696 2956 tut]

139 2989 279 3056 ὃένεστιν
296 2997 332 3072 (θ)
350 2991 404 3056 und
421 2990 590 3078 Τροφωνίου
608 2992 750 3076 ἱδρῦσθαι.
783 2988 882 3059 Idem
899 2991 1046 3059 exhibet
1061 2987 1206 3058 Tzctzcs
1223 2988 1268 3058 ad
1285 2989 1367 3063 Hes.
1386 2997 1473 3059 seui.
1491 3013 1522 3057 V.
1542 2995 1591 3058 70.
1676 3053 1678 3056 .

351 3166 445 3235 Plut.
472 3164 515 3235 de
538 3166 582 3234 Is.
609 3173 644 3233 et
667 3165 726 3233 Os.
753 3171 803 3234 27.
828 3163 865 3232 T.
890 3164 925 3232 Π
947 3186 980 3250 p.
1004 3170 1068 3234 498
1092 3163 1209 3232 Bern:

246 3287 279 3352 ού
303 3289 359 3374 ηἀίρ
381 3283 470 3352 ἄλλον
494 3287 567 3351 εἶναι
589 3286 721 3372 Σσίρατιν
744 3283 763 3371 ἢ
787 3287 834 3351 τδν
859 3285 1017 3350 ΙΙλούτωνοί
1046 3311 1117 3371 μασι
1140 3282 1189 3349 καί
1207 3280 1277 3348 Ἶσιν
1300 3285 1351 3369 την
1376 3284 1594 3370 Περσέφασσαν,
1626 3285 1698 3360 103

139 3393 177 3464 ὡς
210 3391 394 3480 Ἀρχέμαχος
430 3391 542 3477 εἴρηκεν
566 3391 582 3456 δ
606 3391 735 3478 Εὐβοεύς
769 3388 817 3455 καί
846 3390 862 3454 δ
895 3390 1076 3462 ΙΙοντικδς
1096 3389 1353 3475 Ἡρακλείδης
1388 3389 1595 3475 (Ἡράκλειτος

140 3497 272 3581 codd),
295 3498 327 3561 τδ
350 3496 528 3584 χρηστήριον
551 3500 581 3561 ἐν
605 3496 738 3583 Κανώβῳ
764 3496 932 3568 Πλούτωνος
955 3493 1112 3579 ἡγούμενος
1136 3491 1218 3558 εἷναι.

248 3673 329 3741 Non
369 3680 460 3740 recte
499 3672 717 3740 Deswertius
755 3692 788 3757 p.
825 3677 867 3740 99
905 3669 1040 3739 iudicat
1085 3668 1235 3738 eundem
1283 3689 1323 3736 ae
1360 3668 1492 3738 librum
1531 3668 1596 3755 περὶ

143 3777 330 3866 Ἀθηναίων
355 3800 431 3847 esse
455 3776 588 3847 librum
610 3775 676 3863 περὶ
698 3781 847 3864 χρησμῶν,
872 3779 973 3844 cuius
998 3776 1235 3861 fragmentum
1259 3774 1361 3843 affert
1381 3796 1424 3843 ex
1441 3773 1595 3844 Bekkeri

142 3882 275 3953 Anccd.
301 3884 352 3952 Ill
376 3906 408 3970 p.
438 3889 520 3951 1189
556 3881 701 3965 (addere
737 3881 889 3951 debebat
925 3879 1043 3949 Schol.
1080 3878 1183 3949 Pind.
1210 3878 1264 3947 Ol.
1281 3878 1332 3948 VI
1358 3882 1444 3962 111).
1503 3880 1594 3948 Nam

142 3989 240 4057 hune
263 4009 335 4056 non
360 4009 439 4056 esse
463 3991 577 4057 nestri
600 3985 799 4056 Heraclidis
825 3985 1045 4055 demonstrat
1069 3982 1163 4054 Plut.
1189 3983 1292 4053 Alex.
1318 3989 1369 4054 26.
1416 3983 1493 4053 Hoc
1515 3984 1593 4055 loeo

143 4096 197 4162 uti
223 4092 415 4162 voluerunt
437 4095 504 4160 viri
529 4091 635 4173 docti,
671 4101 710 4161 ut
744 4095 853 4160 etianr
887 4089 1129 4159 Susemihlius
1153 4088 1221 4157 Rh.
1247 4088 1293 4157 Μ.
1319 4096 1361 4158 49
1384 4111 1416 4176 p.
1442 4094 1516 4168 475,
1552 4089 1595 4158 ad

143 4196 383 4268 definiendam
418 4205 570 4267 aetatem
607 4194 815 4265 Heraclidis.
873 4197 937 4265 Ait
979 4199 1074 4264 enirn
1109 4194 1342 4264 Plutarchus:
1390 4195 1416 4257 εἰ
1450 4192 1490 4269 δ’,
1526 4191 1596 4279 ὅπερ

143 4411 229 4494 βολος
253 4405 333 4492 αύτῷ
359 4405 444 4484 (scil.
478 4405 667 4492 Ἀλεξάνδρῳ)
703 4404 902 4490 συστρατεύειν
934 4402 1027 4468 ἔοικεν
1054 4401 1194 4489 Ὅμηρος.
1251 4403 1289 4472 Si
1324 4407 1404 4490 quis
1436 4412 1597 4473 accurate

142 4514 232 4598 legit
266 4511 512 4589 Plutarchum,
547 4511 644 4580 videt
679 4519 790 4579 tetam
823 4530 912 4596 quae
949 4513 1110 4596 sequitur
1142 4512 1381 4578 narrationem
1417 4509 1596 4596 usquead

144 4639 218 4705 cap.
237 4623 277 4686 97
295 4614 384 4685 med.
404 4639 446 4684 ex
463 4614 648 4684 Heraclide
672 4615 736 4684 ille
756 4619 812 4683 cui
829 4614 1068 4683 Alexandrini
1085 4614 1192 4684 fidem
1208 4614 1392 4702 praebent.
1415 4624 1596 4702 sumptam

147 4745 235 4791 esse.
282 4722 374 4790 Nam
394 4742 469 4809 cap.
488 4726 527 4789 27
545 4720 635 4789 med.
661 4720 741 4790 finit
764 4720 981 4789 Plutarchus
1006 4723 1245 4790 narrationem
1271 4719 1401 4788 verbis:
1425 4724 1515 4782 ταῦτα
1532 4716 1597 4804 περὶ

143 4834 201 4891 τῶν
213 4833 353 4914 χρησμῶν
370 4827 394 4889 οἱ
412 4829 537 4890 πλεῖστοι
553 4826 725 4911 γράφουσιν·
740 4823 825 4897 αύτδς
841 4823 873 4889 δέ
883 4823 1065 4911 Ἀλέξανδρος
1083 4828 1112 4888 ἐν
1128 4831 1164 4911 τῇ
1181 4827 1319 4908 ἐπιστολῇ
1335 4824 1404 4907 ττρδς
1420 4822 1470 4906 την
1487 4823 1597 4909 μητέρα

148 4931 219 5018 φησὶ
237 4939 295 4997 κτλ.
327 4933 521 5020 Postquam
539 4935 647 5017 igitur
658 4930 875 5000 Plutarchus
889 4930 1087 4999 Heraclidis
1101 4927 1498 5014 Alexandrinorumque
1514 4949 1595 4996 sen-

148 5041 297 5110 tentiam
322 5037 445 5108 attulit
467 5037 622 5126 plenam,
646 5046 782 5126 pugnat
806 5045 929 5108 contra
954 5057 1013 5106 eos
1031 5033 1227 5109 alexandri
1251 5035 1365 5125 ipsius
1387 5035 1594 5108 testimonio
