3570 5574
838 411 880 475 34

133 618 247 690 virum
287 611 481 685 identidem
516 613 743 700 significanti.
802 612 894 683 Nam
934 633 977 682 ne
1017 611 1133 682 dicam
1171 634 1214 681 ex
1252 611 1458 698 fragmentis
1497 615 1588 680 satis

132 718 224 788 effici
270 717 492 788 Heraclidem
536 733 571 788 ct
609 729 732 806 poetas
768 755 801 765 -
843 720 997 787 citantur
1029 715 1217 794 Homerus,
1253 715 1431 796 Pratinas,
1467 716 1588 785 Lasus

134 824 413 905 HermionensiS,
453 822 629 903 Gallinus,
675 826 854 900 Ananius,
900 822 1105 910 Hipponon,
1151 819 1308 889 Telestes
1348 818 1588 899 Selinuntius,

133 927 347 1006 Simonides,
393 927 581 1007 Pindarus,
628 926 836 1015 Sophocles,
882 924 1072 1012 Euripides
1125 962 1167 972 -
1220 932 1255 993 et
1299 925 1489 995 historicos
1547 936 1589 993 ut

135 1033 318 1120 Ephorum
355 1034 409 1109 (fr.
446 1038 515 1117 95),
558 1032 734 1103 Glaucum
777 1032 999 1117 Rheginum,
1039 1031 1151 1100 fastos
1187 1029 1376 1116 Sicyonios
1419 1040 1453 1098 et
1489 1029 1585 1097 Pan-

134 1140 339 1209 athenaicos
358 1137 413 1218 (fr.
427 1144 497 1219 83),
527 1141 670 1227 penitus
696 1141 852 1214 novisse,
875 1159 919 1207 ne
936 1135 1051 1206 dicem
1068 1158 1148 1205 eum
1165 1135 1208 1203 de
1224 1133 1391 1213 Homero,
1414 1132 1588 1213 Hesiodo,

134 1242 327 1331 Aeschylo,
374 1242 563 1330 Sophocle,
608 1241 779 1330 Euripide
822 1241 935 1313 libros
982 1244 1178 1328 scripsisse,
1226 1240 1468 1310 Democritum
1514 1243 1585 1309 im-

133 1371 324 1437 pugnasse,
347 1347 566 1417 Heraclitum
593 1369 668 1416 esse
691 1351 979 1434 interpretatum:
1005 1345 1110 1415 Plato
1135 1344 1284 1430 dignum
1308 1366 1389 1414 eum
1409 1343 1589 1414 iudicavit

134 1457 195 1541 qui
218 1452 427 1523 Antimachi
451 1452 668 1540 Colophonii
703 1455 860 1522 carmina
894 1450 1087 1538 colligeret,
1122 1472 1235 1536 neque
1267 1458 1406 1537 praeter·
1440 1471 1587 1519 omnem

133 1562 304 1628 rationem
323 1562 472 1628 nuntius
497 1561 661 1645 quamvis
685 1556 810 1636 salsus,
833 1555 1059 1627 Heraclidem
1083 1554 1272 1625 oPlotone
1297 1554 1382 1624 dum
1399 1556 1523 1626 aberat
1546 1557 1585 1624 in

133 1663 256 1734 Sicilia
279 1664 424 1733 scholae
448 1685 525 1732 esse
548 1662 774 1750 praefectum,
806 1662 911 1731 fietus
942 1683 1020 1730 esse
1044 1659 1193 1729 videtur.
1248 1658 1373 1729 Cetera
1396 1661 1518 1728 omnia
1543 1680 1587 1728 ex

135 1769 342 1855 fragmentis
367 1770 455 1855 ipsis
480 1766 702 1855 colligamus.
749 1765 827 1835 Hoc
851 1788 963 1835 unum
987 1786 1115 1836 moneo
1129 1763 1352 1835 Heraclidem
1376 1765 1482 1834 nobis
1507 1785 1589 1833 esse

134 1872 321 1951 colendum
345 1881 527 1961 parentem
551 1875 627 1941 eius
650 1875 789 1958 generis
814 1870 992 1943 scribendi
1016 1867 1112 1957 quod
1136 1890 1231 1938 nunc
1255 1867 1384 1937 dicitur
1401 1866 1587 1948 ,Novelle‘.
