3570 5574
769 408 808 471 31

58 608 134 678 duo
171 608 273 679 affert
307 609 510 696 catalogus:
546 607 612 694 περὶ
642 616 693 674 νοδ
723 608 773 675 καὶ
796 616 902 699 ψυχῆς,
934 609 998 696 περί
1029 616 1139 698 ψυχῆς
1173 610 1231 680 his
1268 613 1419 699 opponit
1452 609 1516 696 περὶ

57 714 187 800 φύσεως,
216 712 280 801 περὶ
305 715 433 781 εἰδώλων
455 713 527 800 πρὸς
550 715 737 800 Δημόκριτον.
792 715 929 786 Eodem
963 714 1070 786 modo
1106 725 1337 803 opponuntur
1370 715 1435 802 περὶ
1462 722 1515 780 τῶν

56 817 189 905 οὐρανῶν
223 859 263 866 -
298 819 363 906 περὶ
390 825 445 884 τῶν
475 822 505 884 ἐν
529 816 611 904 ᾅδου,
641 818 707 905 περὶ
729 818 800 907 βίων
828 859 868 867 -
897 819 961 906 περὶ
991 820 1091 885 νόσων.
1148 820 1207 889 Sic
1241 819 1358 890 voluit
1393 829 1514 892 auctor

58 1051 135 1099 non
165 1028 257 1100 licet
313 1032 432 1118 Atque
461 1028 504 1098 de
527 1028 620 1101 libro
651 1029 810 1116 περὶβίου
842 1034 1026 1100 consentio
1051 1052 1132 1100 curn
1157 1029 1352 1099 Schradero
1381 1053 1414 1118 p.
1440 1036 1516 1111 241,

58 1139 130 1209 hoc
166 1157 256 1222 opus
291 1134 335 1204 ad
364 1135 551 1205 historiam
584 1135 784 1205 naturalem
816 1140 1041 1224 pertinuisse.
1099 1134 1277 1206 Adiunxit
1306 1134 1380 1206 illis
1412 1135 1515 1206 libris

58 1251 186 1315 auctor
224 1243 380 1325 catalogi
415 1244 610 1311 orationem
645 1239 810 1310 Platonis
856 1239 922 1326 περὶ
955 1239 1087 1325 τάγαθοῦ
1126 1239 1182 1319 (oi.
1215 1243 1343 1310 testim.
1379 1244 1434 1325 18)
1470 1243 1514 1311 ab

57 1346 260 1429 Heraclide,
295 1351 453 1417 sirecte
487 1347 640 1425 conicio,
675 1356 716 1416 ut
751 1346 795 1415 ab
832 1345 913 1415 aliis
949 1346 1005 1428 (ci.
1034 1344 1149 1414 Zeller
1180 1345 1271 1414 112⁴
1296 1367 1329 1432 p.
1355 1350 1397 1414 64
1410 1347 1452 1416 A.
1480 1348 1515 1429 1)

61 1453 205 1532 editam,
251 1459 328 1522 tum
374 1449 518 1523 libellos
566 1459 690 1522 contra
734 1451 913 1522 Zenonem
959 1459 994 1519 et
1038 1451 1237 1520 Metronem
1284 1450 1341 1531 (ci.
1376 1472 1409 1538 p.
1448 1452 1513 1534 17).

57 1559 238 1629 Secuntur
270 1555 354 1629 libri
388 1559 611 1642 grammatici
646 1556 712 1643 περὶ
741 1562 795 1640 τῆς
824 1555 958 1641 Ὁμήρου
992 1544 1042 1620 καὶ
1068 1553 1211 1620 Ἡσιόδου
1239 1552 1354 1639 ἡλικίας
1383 1563 1417 1623 et
1451 1552 1516 1640 περὶ

53 1661 232 1751 Ἀρχιλόχου
265 1660 315 1726 καὶ
340 1659 483 1746 Ὁμήρου,
520 1665 539 1730 i.
566 1684 592 1729 e.
617 1661 702 1732 libri
733 1666 794 1749 qui
829 1683 901 1731 non
933 1662 1160 1749 poematibus
1190 1658 1336 1730 Homeri
1366 1658 1517 1731 Hesiodi

60 1767 274 1839 Archilochi
305 1764 527 1852 explicandis
557 1766 615 1836 vel
645 1765 921 1855 interpretandis
951 1765 1120 1835 destinati
1143 1773 1244 1835 erant
1268 1803 1307 1810 —
1331 1764 1399 1834 hos
1423 1768 1515 1834 inter

60 1878 197 1962 scripta
225 1874 354 1941 musici
384 1874 585 1957 argumenti
615 1874 781 1959 posuisse
811 1870 952 1940 videtur
975 1909 1026 1949 —-‚
1063 1868 1125 1938 sed
1157 1873 1194 1939 in
1219 1871 1350 1957 quibus
1375 1868 1516 1940 devita

58 1985 177 2048 aetate
212 1979 425 2063 cognatione
454 1976 694 2045 aemulatione
723 1998 845 2047 eorum
875 1975 1050 2066 quaedam
1081 1973 1221 2063 prolata
1253 1982 1362 2044 erant.
1420 1974 1516 2043 Inter

60 2087 202 2154 musica
224 2084 356 2169 scripta
379 2084 534 2169 primum
565 2088 620 2150 est
644 2079 830 2152 demetria
861 2081 1002 2163 (dehis
1026 2087 1113 2168 puto
1138 2089 1256 2150 actum
1286 2100 1364 2148 esse
1386 2082 1423 2149 in
1447 2079 1516 2149 hoo

60 2189 173 2272 libro)
209 2185 392 2273 Euripidis
428 2194 463 2255 et
496 2183 699 2272 Sophoclis,
735 2196 810 2255 tum
846 2191 1005 2275 sequitur
1039 2184 1131 2256 illud
1160 2183 1225 2272 περὶ
1257 2187 1396 2270 μουσικῆς
1420 2185 1515 2272 quod

63 2293 284 2364 Plutarchus
315 2289 358 2360 de
386 2313 479 2360 mus.
505 2297 524 2360 3
555 2293 641 2360 citat
665 2291 733 2361 sub
757 2292 863 2362 titulo
894 2292 1048 2377 συναγωγὴ
1070 2296 1124 2355 τῶν
1148 2292 1177 2355 ἐν
1202 2294 1334 2375 μουσικῇ,
1370 2297 1405 2358 et
1433 2296 1518 2377 post

59 2400 130 2470 hoc
164 2396 259 2469 λύσεις
289 2394 465 2481 ’ομηρικαί;
501 2394 673 2465 accedunt
718 2396 948 2482 θεωρηματικόν,
982 2393 1047 2482 περὶ
1081 2401 1135 2459 τῶν
1169 2400 1251 2481 τριῶν
1284 2397 1517 2480 τραγῳδοποιῶν,

55 2508 254 2592 χαρακτῆρες,
292 2499 356 2588 ιτερί
390 2508 540 2586 ποιητικῆς
578 2499 627 2564 καί
661 2507 715 2565 τῶν
752 2507 892 2587 cornubie:
933 2523 1056 2573 omnes
1094 2501 1133 2569 hi
1171 2497 1265 2580 libri,
1303 2498 1346 2569 da
1384 2500 1516 2587 quibus

62 2610 284 2678 accuratiora
319 2628 392 2677 non
426 2614 628 2686 notescunt,
663 2606 708 2675 ad
743 2614 866 2694 poetas
896 2603 1181 2694 interpretandos
1214 2612 1395 2692 spectasse
1419 2604 1513 2674 iudi-

61 2710 169 2782 candi
204 2719 299 2781 sunt.
361 2710 547 2781 Adnexuit
569 2712 627 2781 his
656 2720 779 2782 auctor
816 2711 973 2798 catalogi
1008 2732 1067 2780 eos
1101 2710 1213 2780 libros
1250 2713 1311 2797 qui
1344 2713 1382 2778 in
1413 2708 1515 2783 nullo

61 2818 220 2904 catalogi
251 2820 365 2904 capite
390 2823 472 2904 apte
494 2821 582 2904 poni
604 2839 711 2904 posse
735 2817 959 2898 videbantur,
990 2824 1032 2886 ut
1055 2817 1366 2901 interpretationes
1396 2815 1515 2903 philo-

60 2923 272 3011 sophorum,
305 2925 532 3009 quaestiones
563 2922 837 3010 philosophicae
868 2923 925 2992 vel
949 2924 1109 3008 poeticae
1133 2918 1191 2988 vel
1214 2919 1406 2990 naturales.
1464 2922 1518 2991 De

60 3031 188 3099 ceteris
218 3027 320 3097 libris
345 3048 497 3114 quorum
522 3030 682 3097 omnium
713 3028 783 3097 fere
807 3026 907 3097 solus
939 3027 1069 3097 titulus
1100 3031 1228 3104 exstat,
1263 3023 1356 3093 nihil
1386 3024 1518 3105 dicam;

61 3133 108 3203 de
142 3135 246 3203 unico
284 3129 432 3216 ὑποθῆκαι
463 3131 534 3218 πρὸς
565 3131 712 3197 Διονύσιον
747 3130 853 3202 liceat
887 3136 1126 3202 coniecturam
1161 3128 1324 3218 proferre.
1383 3129 1518 3218 Ungeri

62 3243 114 3327 (Ι).
151 3240 230 3321 493)
266 3240 461 3317 sententia,
501 3238 571 3323 πρὸς
606 3236 755 3302 Διονύσιον
789 3237 955 3309 libellum
995 3237 1106 3307 luisse
1143 3241 1265 3304 contra
1301 3234 1517 3325 Dionysium

62 3342 309 3423 dialecticum,
348 3340 455 3411 valde
493 3340 743 3430 improbabilis
783 3351 855 3423 est,
902 3346 971 3412 iam
1021 3344 1065 3413 ob
1105 3351 1307 3428 temporum
1345 3345 1518 3412 rationem

63 3448 123 3527 (ci.
156 3445 270 3516 Zeller
304 3448 338 3516 ΙΙ
358 3447 394 3515 1⁴
428 3471 460 3534 p.
493 3449 583 3529 341).
643 3448 780 3534 Opinor
814 3462 854 3516 ut
888 3446 1069 3518 Hesiodus
1106 3446 1151 3516 ad
1186 3447 1328 3519 fratrem
1366 3447 1518 3530 Persem,

63 3552 246 3638 Theognis
264 3551 308 3621 ad
326 3554 470 3632 amicos,
494 3556 682 3640 praecipue
699 3551 743 3621 ad
761 3552 931 3641 Cyrnum,
956 3552 1068 3624 Solon
1093 3551 1139 3621 ad
1164 3575 1201 3622 se
1223 3558 1343 3641 ipsum
1367 3551 1518 3638 ὑποθήκας

62 3665 341 3744 composuerant
372 3657 428 3726 vel
452 3662 584 3744 potius,
618 3679 698 3729 cum
722 3658 818 3727 hunc
843 3657 989 3728 titulum
1013 3681 1087 3730 non
1111 3661 1181 3746 ipsi
1206 3660 1424 3729 carminibus
1449 3661 1516 3728 im-

61 3770 256 3850 ponerent,
302 3767 547 3848 composuisse
574 3762 819 3845 dicebantur,
865 3769 917 3833 ita
953 3762 1160 3833 Heraclides
1207 3761 1251 3831 ad
1299 3760 1516 3850 discipulum

63 3869 293 3954 Dionysium,
328 3889 392 3936 nec
422 3871 584 3954 ineptum
616 3890 693 3937 esse
725 3877 811 3956 puto
843 3872 1002 3937 conicere
1030 3868 1099 3938 hoc
1122 3890 1263 3938 carmen
1287 3869 1406 3936 fuisse.
1466 3867 1518 3934 De

62 3973 249 4042 rhetoricis
284 3981 319 4042 et
349 3972 530 4042 historicis
560 3977 702 4060 scriptis
733 3973 826 4042 nihil
851 3974 966 4043 habeo
992 3973 1087 4061 quod
1112 3972 1240 4051 dicam;
1277 3994 1340 4042 nec
1364 3993 1517 4059 possum

62 4077 248 4147 decernere
283 4100 370 4147 num
405 4077 612 4146 Heraclides
648 4083 755 4147 etiam
790 4081 1005 4164 geometrica
1040 4086 1074 4147 et
1106 4076 1291 4147 dialectica
1327 4080 1516 4165 scripserit.

63 4183 117 4251 De
152 4190 228 4253 toto
264 4182 427 4268 catalogo
464 4183 581 4253 iudico
618 4187 682 4251 sic:
719 4183 808 4252 fides
844 4183 1012 4253 habenda
1046 4191 1100 4251 est
1131 4181 1293 4268 catalogo
1328 4181 1413 4250 dum
1446 4202 1518 4250 non

63 4290 168 4356 certis
193 4291 414 4374 argumentis
439 4291 615 4358 evincitur
638 4291 755 4356 inesse
779 4292 810 4357 ei
828 4293 966 4377 spu1·ia;
990 4287 1119 4376 plenus
1143 4287 1253 4357 ferme
1278 4308 1424 4374 prorsus
1441 4307 1519 4355 esse

62 4390 214 4461 videtur.
260 4394 336 4463 Iam
360 4393 473 4463 habes
497 4392 721 4478 catalogum:

59 4604 203 4671 Ἠθικοὶ
230 4602 312 4686 μὲν·
866 4609 965 4678 κοινῶς
987 4629 1019 4668 τε
1040 4602 1105 4689 περὶ
1128 4603 1233 4691 ἀρετῆς
1256 4602 1284 4668 α’

105 4708 176 4795 περί
196 4707 382 4792 δικαιοσύνης
406 4708 469 4794 τρία
865 4707 914 4773 καὶ
937 4704 1010 4773 ἄλλο
1032 4707 1096 4795 περὶ
1120 4707 1312 4796 εὐδαιμονίας,

106 4816 137 4878 ἓν
160 4814 193 4879 δὲ
216 4813 280 4901 περί
305 4815 493 4901 σωφροσύνης
865 4813 929 4899 περί
952 4839 983 4877 τε
1006 4813 1101 4901 ἀρχῆς
1125 4814 1152 4878 α’

106 4919 172 5006 περί
194 4945 226 4985 τε
250 4918 399 5006 εὐσεβείας
424 4919 452 4984 α’
864 4917 929 5006 περὶ
952 4918 1047 5004 νόμων

105 5023 173 5111 περὶ
197 5024 330 5112 ἀνδρείας
353 5026 381 5090 α’
766 5046 781 5098 5
921 5022 970 5089 καὶ
993 5030 1049 5088 τῶν
1072 5028 1215 5108 συγγενῶν
1238 5021 1364 5096 τούτοις·
