3570 5574
345 625 439 694 Plut.
466 623 585 694 Solon.
611 628 653 692 22
676 647 727 711 sq.

238 746 311 834 ὁρῶν
333 745 366 812 δέ
388 748 420 811 τὸ
444 745 496 830 μἐν
527 736 598 810 ἀοτυ
629 746 831 830 πιμπλάμενον
865 745 1026 833 ἀνθρώπων
1049 746 1096 811 ἀεὶ
1121 746 1298 833 συρρεόντων
1327 748 1514 836 πανταχόθεν
1543 747 1584 813 ἐπ’
1611 753 1654 823 17

131 849 238 924 ἀδείας
273 852 313 924 εἰς
347 851 398 935 τήν
429 850 568 934 Ἀττικήν,
601 850 637 914 τά
672 849 705 914 δέ
733 854 854 915 πλεῖστα
888 856 938 936 τῆς
967 850 1065 939 χώρας
1096 849 1202 936 ἀγεννῆ
1231 849 1280 916 καί
1315 856 1424 939 φαῦλα,
1458 853 1524 925 τοῦς
1556 851 1588 917 δὲ

131 956 304 1043 χρωμένους
327 961 363 1042 τή
387 954 518 1040 θαλάττῃ
550 953 640 1040 μηδέν
663 953 806 1028 εἰωθότας
831 955 953 1041 είςάγειν
982 959 1040 1027 τοῖς
1063 954 1154 1040 μηδὲν
1177 954 1293 1043 ἔχουσιν
1317 955 1489 1034 ἀντιδοῦναι,
1518 958 1589 1043 πρδς

131 1062 186 1134 τὰς
219 1060 325 1148 τέχνας
359 1058 462 1146 ἔτρεψε
495 1060 560 1132 τούς
594 1057 721 1135 πολίτας,
756 1058 804 1123 καὶ
834 1059 921 1145 νόμον
951 1059 1084 1146 ἔγραψεν.
1119 1058 1173 1146 υίῷ
1197 1059 1310 1145 τρέφειν
1342 1062 1390 1125 τὸν
1413 1061 1524 1148 πατέρα
1548 1063 1588 1147 μή

133 1165 325 1250 διδαξάμενον
353 1166 456 1252 τέχνην
487 1163 647 1249 ἐπάναγκες
679 1164 721 1248 μή
751 1165 832 1228 εἶναι.
877 1170 918 1251 τῷ
943 1162 994 1250 μὲν
1017 1165 1073 1250 γάρ
1097 1163 1255 1249 Λυκούργῳ
1287 1163 1336 1228 καί
1359 1164 1443 1230 πόλιν
1466 1166 1589 1231 οἰκοῦντι

135 1271 273 1355 καθαράν
297 1266 387 1357 όχλου
411 1275 528 1346 ξενικοῦ,
552 1267 601 1333 καί
624 1269 724 1356 χώραν
746 1269 915 1355 κεκτημένῳ
938 1273 1087 1345 ,πολλοῖσι
1102 1268 1213 1352 πολλήν
1229 1265 1270 1340 δὶς
1293 1271 1419 1342 τοσοῖςδε
1441 1268 1589 1346 πλείονα“,

132 1371 197 1437 κατ’
216 1371 384 1460 Εὐριπίδην,
407 1371 456 1437 καί
479 1373 510 1436 τί
535 1374 675 1458 μέγιστον,
699 1374 851 1438 εἱλωτικοῦ
874 1373 1013 1459 πλήθους,
1037 1369 1180 1458 δβέλτιον
1204 1367 1238 1456 ήν
1255 1365 1301 1458 μή
1326 1374 1488 1460 σχολάζειν,
1501 1372 1589 1439 ιάλλά

134 1477 305 1564 τριβόμενον
328 1475 375 1545 ἀεὶ
398 1475 447 1541 καί
471 1483 575 1542 πονοῦν
598 1479 814 1554 ταπεινοῦσθαι,
838 1478 1067 1565 περικεχυμένου
1095 1481 1132 1562 τή
1155 1474 1360 1562 Λακεδαίμονι,
1390 1484 1487 1551 καλῶς
1511 1478 1590 1566 εἶχεν

133 1580 281 1669 ἀσχολιῶν
305 1579 449 1648 ἐπιπόνων
473 1580 521 1646 καί
544 1581 698 1668 βαναύσων
721 1581 928 1656 ἀπαλλάξαντα
957 1582 1023 1656 τοῦς
1045 1579 1164 1654 πολίτας
1188 1581 1319 1668 συνέχειν
1350 1584 1459 1656 ἐντοῖς
1482 1579 1590 1658 ὅπλοις,

135 1685 206 1771 μίαν
240 1687 346 1774 τέχνην
379 1687 486 1770 ταύτην
520 1687 752 1771 ἐκμανθάνοντας
788 1686 835 1751 καί
871 1685 1042 1759 ἀσκοῦντας·
1077 1685 1178 1751 Σόλων
1212 1685 1245 1750 δὲ
1272 1688 1330 1759 τοῖς
1353 1687 1503 1773 πράγμασι
1525 1688 1591 1761 τοῦς

134 1790 243 1875 νόμους
265 1796 375 1876 μᾶλλον
398 1788 416 1875 ή
440 1792 475 1856 τά
500 1791 655 1878 πράγματα
686 1794 743 1864 τοῖς
772 1791 868 1876 νόμοις
899 1791 1116 1878 προςαρμύζων,
1152 1789 1201 1855 καὶ
1233 1795 1282 1874 τῆς
1311 1789 1410 1877 χώρας
1432 1791 1484 1876 τήν
1506 1792 1591 1877 φύσιν

133 1894 210 1982 ὁρῶν
233 1897 290 1967 τοῖς
313 1902 472 1985 γεωργοῦσι
495 1894 640 1984 γλίσχρως
656 1900 840 1983 διαρκοῦσαν,
864 1895 952 1982 ἀργὸν
975 1895 1007 1960 δέ
1030 1894 1079 1959 καί
1095 1895 1260 1982 σχολαστὴν
1276 1890 1365 1982 ύχλον
1381 1893 1416 1960 ού
1432 1896 1592 1982 δυναμένην

134 2000 259 2087 τρέφειν,
293 2003 354 2072 ταῖς
374 2001 504 2089 ’τέχναις
539 1999 653 2086 ἀξίωμα
687 2002 845 2088 περιέθηκε
878 1999 927 2065 καί
959 2001 1009 2084 τήν
1039 2002 1068 2075 έξ
1089 1998 1201 2086 Ἀρείου
1233 1997 1327 2082 πάγου
1356 2000 1464 2087 βουλήν
1494 1999 1592 2075 ἔταξεν
1672 2079 1676 2087 γ

134 2105 312 2177 ἐπισκοπεῖν,
336 2101 405 2169 ’όθεν
429 2106 547 2178 ἕκαστος
572 2105 635 2193 ἔχει
659 2107 694 2170 τά
718 2105 879 2190 ἐπιτήδεια,
902 2104 951 2169 καί
974 2106 1040 2178 τοῦς
1064 2103 1169 2191 ἀργούς
1193 2103 1334 2177 κολάζειν.
1372 2107 1464 2170 έκεῖνο
1488 2104 1516 2170 δ’
1534 2100 1591 2190 ήδη

136 2207 339 2294 σφοδρότερον,
362 2210 394 2295 τῤ
419 2209 493 2295 μηδὲ
517 2213 574 2283 τοῖς
597 2212 625 2284 ἐξ
643 2209 759 2296 ἑταίρας
781 2210 943 2295 γενομένοις
967 2210 1127 2294 ἐπάναγκες
1151 2208 1224 2273 εἶναι
1239 2209 1305 2281 τοῦς
1321 2210 1447 2296 πατέρας
1470 2211 1592 2298 τρέφειν,

132 2301 455 2400 ῶςἭρακλείδης
483 2314 632 2400 ἱστόρηκεν
665 2313 680 2377 ὁ
706 2313 895 2386 Ποντικός.
941 2313 1034 2400 ὁγὰρ
1063 2317 1093 2378 έν
1116 2313 1203 2400 γάμῳ
1230 2319 1362 2399 παρορᾶν
1392 2315 1424 2378 τὸ
1446 2315 1536 2378 καλὸν
1559 2313 1594 2379 ού

133 2419 245 2483 τέκνων
275 2418 360 2482 ἕνεκα
384 2418 472 2502 δῆλός
495 2421 579 2494 ἐστιν,
610 2417 672 2482 ἀλλ’
692 2417 797 2502 ἡδονῆς
820 2417 961 2504 ἀγόμενος
991 2421 1122 2503 γυναῖκα,
1153 2416 1201 2482 τόν
1224 2442 1256 2481 τε
1279 2420 1382 2503 μισθὸν
1414 2417 1521 2506 ἀπέχει
1544 2417 1593 2483 καὶ

134 2520 301 2608 παρρησίαν
325 2514 405 2609 αύτῷ
424 2523 494 2608 πρὸς
517 2524 583 2596 τοῦς
606 2523 777 2608 γενομένους
793 2522 845 2588 οὐκ
861 2522 1063 2597 ἀπολέλοιπεν,
1087 2519 1128 2593 οἷς
1149 2519 1220 2585 αύτῦ
1236 2521 1268 2584 τδ
1284 2522 1421 2606 γενέσθαι
1436 2520 1593 2606 πεποίηκεν
1611 2563 1631 2576 ,

134 2623 256 2697 ὄνειδος.
312 2623 388 2699 ύλως
419 2626 451 2690 δέ
474 2626 610 2711 πλείστην
634 2626 713 2714 ἔχειν
744 2626 866 2692 ἀτοπίαν
897 2628 923 2691 οἱ
953 2624 1017 2712 περὶ
1047 2631 1101 2690 τῶν
1129 2631 1273 2709 γυναικῶν
1303 2626 1385 2714 νόμοι
1415 2632 1455 2713 τῷ
1482 2626 1594 2692 Σόλωνι
1665 2679 1668 2685 .

137 2735 266 2794 δοκοῦσι.
312 2717 416 2818 μοιχὸν
440 2730 569 2818 μὲνγὰρ
593 2730 705 2796 ἀνελεῖν
735 2737 776 2818 τῷ
796 2732 912 2817 λαβόντι
935 2733 1077 2796 δέδωκεν·
1106 2731 1158 2796 ἐάν
1175 2730 1208 2797 ,δ’
1228 2729 1347 2818 ἁρπάση
1368 2756 1409 2804 τις
1433 2731 1594 2817 ἐλευθέραν

138 2838 264 2920 γυναῖκα
288 2833 336 2899 καί
359 2834 506 2920 βιάσηται,
531 2835 636 2921 ζημίαν
660 2837 762 2901 έκατδν
778 2836 912 2923 δραχμάς
929 2834 1024 2909 ἔταξε·
1048 2833 1101 2901 κάν
1117 2835 1321 2921 προαγωγεύη,
1344 2837 1478 2922 δραχμάς
1495 2832 1593 2911 εἴκοσι,

136 2939 216 3024 πλήν
243 2936 310 3008 ύσαι
336 2939 529 3027 πεφασμένως
555 2946 728 3011 πωλοῦνται,
757 2941 833 3025 λέγω
857 2941 960 3025 (λέγων
984 2940 1127 3019 Reiske)
1151 2941 1187 3025 δή
1203 2941 1255 3014 τάς
1271 2939 1394 3027 ἑταίρας.
1439 2936 1595 3027 αὗταιγὰρ

136 3047 273 3130 ἐμφανῶς
288 3050 406 3131 φοιτῶσι
421 3044 491 3130 πρὸς
507 3045 572 3117 τοῦς
588 3045 727 3118 διδόντας.
760 3044 802 3110 ἔτι
817 3044 845 3109 δ’
860 3041 927 3110 οὔτε
945 3043 1106 3131 θύγατέρας
1130 3049 1237 3110 πωλεῖν
1260 3039 1316 3109 οὔτ’
1332 3042 1462 3129 ἀδελφάς
1485 3043 1594 3120 δίδωσι,

135 3149 215 3234 πλήν
231 3146 266 3214 ἀν
289 3149 330 3233 μή
350 3149 427 3235 λάβη
444 3149 588 3235 παρθένον
604 3147 685 3235 ἀνδρί
703 3150 957 3235 συγγεγενημένην.
991 3149 1024 3213 τὸ
1047 3148 1074 3213 δ’
1092 3148 1162 3214 αύτδ
1185 3155 1305 3234 πρᾶγμα
1333 3147 1402 3212 ποτέ
1419 3147 1470 3234 μέν
1486 3155 1595 3235 πικρῶς

138 3251 191 3319 καί
225 3251 432 3342 ἀπαραιτήτως
455 3252 598 3330 κολάζειν,
632 3253 702 3318 ποτὲ
737 3253 764 3318 δ’
796 3253 923 3325 εὐκόλως
958 3252 1006 3316 καί
1041 3252 1188 3328 παίζοντα,
1223 3253 1374 3340 πρόςτιμον
1404 3252 1509 3338 ζημίαν
1544 3255 1595 3338 τήν
1633 3268 1636 3272 “

136 3364 287 3445 τυχοῦσαν
310 3356 451 3444 ὁρίζοντα,
475 3355 580 3443 ἄλογόν
604 3361 687 3423 ἐστιν.

350 3549 445 3618 Plut.
472 3548 593 3618 Solon.
619 3555 668 3618 24.

247 3670 371 3756 παρέχει
399 3670 426 3734 δ’
453 3669 577 3756 ἀπορίαν
607 3668 656 3734 καί
686 3670 778 3734 ὁτῶν
809 3669 1014 3755 δημοποιήτων
1047 3670 1142 3755 νόμος,
1177 3667 1220 3733 ότι
1249 3670 1385 3755 γενέσθαι
1408 3669 1537 3743 πολίταις
1561 3669 1595 3735 ού
1619 3679 1663 3750 18

140 3772 246 3839 δίδωσι
268 3773 343 3858 πλήν
366 3777 424 3847 τοῖς
446 3774 601 3860 φεύγουσιν
624 3773 761 3862 ἀειφυγίᾳ
784 3775 835 3859 τήν
855 3777 963 3839 ἑαυτῶν
978 3770 997 3858 ή
1013 3771 1175 3846 πανεστίοις
1189 3772 1333 3858 Ἀθήναζε
1356 3775 1596 3860 μετοικιζομένοις

140 3876 191 3944 ἐπί
214 3877 312 3965 τέχνη.
357 3877 449 3944 Τοῦτο
479 3877 511 3943 δὲ
534 3877 655 3963 ποιῆσαί
683 3905 770 3966 φασιν
800 3878 886 3944 αύτδν
915 3878 972 3966 ούχ
994 3874 1086 3950 ούτως
1109 3876 1310 3942 ἀπελαύνοντα
1340 3879 1405 3951 τοῦς
1429 3874 1534 3952 ἄλλους
1557 3879 1597 3953 ὡς

146 3982 405 4069 κατακαλούμενον
432 3981 575 4067 Ἀθήναζε
603 3983 719 4056 τούτους
752 3982 798 4047 ἐπί
828 3982 939 4070 βεβαίῳ
970 3988 1010 4068 τῷ
1036 3982 1166 4066 μεθέξειν
1197 3987 1247 4066 τής
1275 3979 1429 4059 πολιτείας,
1463 3981 1512 4047 καὶ
1536 3980 1598 4069 ἅμα

140 4087 261 4159 πιστούς
295 4085 446 4172 νομίζοντα
480 4088 546 4160 τοῦς
584 4087 636 4172 μέν
674 4086 912 4174 ἀποβεβληκότας
952 4088 1003 4170 τήν
1038 4089 1147 4150 ἑαυτῶν
1185 4084 1233 4149 διὰ
1270 4086 1322 4169 τήν
1359 4083 1495 4172 ἀνάγκην,
1532 4088 1598 4160 τοῦς

141 4189 171 4256 δ’
191 4189 421 4265 ἀπολελοιπότας
444 4191 492 4256 διὰ
516 4192 568 4277 τήν
591 4191 712 4278 γνώμην.
756 4189 828 4256 ῖδιον
851 4191 884 4255 δὲ
906 4196 957 4255 τοῦ
973 4189 1105 4263 Σόλωνος
1128 4187 1177 4254 καί
1201 4190 1232 4253 τὸ
1256 4186 1394 4275 περὶτῆς
1418 4193 1447 4255 έν
1466 4189 1598 4278 δημοσίῳ

146 4295 296 4380 σιτήσεως,
320 4292 391 4385 ’ύπερ
415 4293 501 4368 αύτδς
524 4299 691 4383 παρασιτεῖν
719 4297 850 4380 κέκληκε.
896 4297 943 4359 τδν
966 4295 1021 4380 γὰρ
1045 4293 1131 4358 αύτδν
1154 4292 1207 4358 σύκ
1230 4296 1266 4379 έᾷ
1285 4295 1427 4358 σιτεῖσθαι
1450 4293 1598 4371 πολλάκις,

143 4399 198 4464 έάν
221 4397 253 4463 δέ
277 4394 446 4484 ᾧκαθήκει
470 4399 510 4483 μή
535 4399 682 4485 βούληται,
706 4398 833 4473 κολάζει,
857 4401 890 4464 τὸ
906 4399 958 4484 μέν
974 4397 1131 4483 ἡγούμενος
1147 4397 1322 4474 πλεονεξίαν,
1345 4399 1377 4462 τὸ
1395 4396 1422 4461 δ’
1439 4396 1598 4486 ὑπεροψίαν

141 4526 198 4566 των
220 4526 328 4566 κοινων.

353 4674 448 4745 Plut.
474 4676 595 4745 Solon.
622 4682 671 4744 31.

255 4833 293 4844 -
316 4797 332 4860 ὁ
357 4797 560 4884 Πεισίστρατος
583 4798 725 4883 ἐγκρατής
748 4796 899 4882 γενόμενος
923 4803 977 4860 τῶν
999 4797 1177 4883 πραγμάτων
1199 4794 1292 4869 οὕτως
1316 4795 1528 4882 ἐξεθεράπευσε
1550 4799 1598 4861 τὸν
1623 4802 1667 4874 19

145 4900 268 4966 Σόλωνα
297 4907 384 4986 τιμῶν
418 4899 466 4965 καὶ
497 4899 758 4989 φιλοφρονούμενος
792 4901 841 4965 καί
865 4901 1132 4987 μεταπεμπόμενος,
1167 4898 1240 4966 ῶστε
1268 4898 1316 4965 καὶ
1340 4900 1502 4987 σύμβουλον
1526 4900 1599 4966 εἶναι

144 5003 195 5069 καί
217 5005 312 5070 πολλοὶ
336 5011 389 5069 τῶν
412 5005 615 5092 πραττομένων
647 5007 780 5071 ἐπαινεῖν.
826 5003 874 5069 καί
903 5004 959 5091 γὰρ
988 5004 1218 5094 έφύλαττετοῦς
1240 5001 1391 5077 πλείστους
1421 5004 1525 5090 νόμους
1548 5011 1598 5070 τοῦ
