3570 5574
840 425 883 490 39

133 629 362 717 Heraclidem
398 629 509 718 paulo
542 636 627 718 post
660 632 697 699 In
731 633 994 700 accusationem
1030 630 1106 698 eius
1140 635 1223 715 post
1258 625 1434 696 infelicem
1465 633 1586 695 contra

133 733 358 823 Epidaurum
383 734 646 824 expeditionem
670 733 838 804 incidisse
862 734 1010 805 videtur.

238 874 341 945 Talia
371 879 408 944 in
432 879 552 947 iocoso
576 874 720 959 dialogo
743 896 915 962 personas
940 874 1128 962 loquentes
1151 872 1277 943 iecisse
1300 870 1480 942 Heraclidi
1512 892 1585 940 non

134 987 192 1049 est
216 981 425 1069 opprobrio;
448 982 617 1069 Ephorus
642 1001 749 1068 quam
772 983 927 1049 maxime
950 977 1220 1066 vituperandus,
1244 981 1275 1048 si
1299 979 1356 1047 his
1379 981 1416 1048 in
1434 978 1586 1047 historia

132 1084 394 1158 conscribenda
415 1084 523 1155 fidem
547 1086 684 1156 habuit.
732 1083 884 1154 Mueller·
907 1084 945 1153 E.
962 1083 1003 1153 G.
1017 1083 1060 1153 Η.
1079 1085 1095 1152 Ι
1118 1105 1150 1170 p.
1166 1081 1287 1152 LXIII
1311 1104 1401 1172 quae
1418 1082 1585 1170 Ephorus

133 1189 179 1259 de
203 1189 339 1260 Pericle
373 1190 557 1262 fabulatur
589 1212 632 1259 ex
657 1188 892 1260 Stesimbroto
924 1188 1056 1259 Thasio
1089 1188 1222 1258 hausta
1252 1210 1330 1258 esse
1358 1195 1478 1257 censet
1508 1185 1587 1256 sola

133 1298 338 1366 coniectura
361 1300 473 1365 nisus.
520 1294 597 1365 Hoc
621 1297 745 1382 utique
769 1300 902 1364 certum
935 1303 998 1375 est,
1033 1293 1218 1381 Ephorum
1249 1297 1448 1365 iuratione
1478 1312 1584 1381 quam

132 1401 205 1471 sibi
239 1409 472 1488 proposuerat
506 1399 684 1486 (Harpocr.
710 1422 737 1468 a.
762 1423 793 1467 v.
819 1397 978 1486 ἀρχαίαιςλῑ
1013 1396 1078 1484 περὶ
1106 1404 1160 1463 τῶν
1188 1397 1258 1464 καθ’
1275 1396 1354 1484 ἡμᾶς
1387 1396 1587 1483 γεγενημένων

133 1504 203 1577 τούς
225 1503 419 1592 ἀκριβέστατα
443 1505 577 1589 λέγοντας
599 1503 785 1577 πιστοτάτους
807 1502 971 1589 ἡγούμεθα,
995 1526 1068 1574 non
1092 1509 1340 1592 permansisse.

238 1646 359 1716 Pauca
393 1645 436 1716 dc
468 1645 677 1731 fragmentis
701 1647 791 1735 ipsis
816 1642 953 1715 addam.
1012 1644 1130 1729 argm.
1157 1651 1172 1712 1
1203 1650 1286 1713 ante
1317 1642 1376 1708 ἔστι
1400 1643 1455 1728 γὰρ
1477 1642 1509 1706 τὸ
1534 1640 1614 1726 μὲν,

132 1745 261 1835 ἥδεσθαι
283 1750 452 1821 lacunam
475 1749 688 1837 significavi,
712 1773 785 1820 non
809 1749 927 1821 solum
949 1747 1045 1837 quod
1062 1748 1133 1819 duo
1151 1753 1377 1837 insequentia
1401 1751 1586 1836 enuntiata

134 1876 159 1924 a
181 1859 431 1927 coniunctione
460 1856 515 1942 γὰρ
539 1859 692 1944 incipere
716 1854 796 1924 ferri
819 1877 891 1926 non
914 1861 1043 1942 potest
1075 1853 1138 1923 sed
1167 1853 1263 1942 quod
1292 1852 1328 1923 id
1351 1856 1453 1923 cuius
1478 1873 1587 1921 causa

132 1960 254 2031 verbis
289 1959 349 2025 ἔστι
382 1961 438 2048 γὰρ
473 1960 629 2040 affertur,
667 1963 704 2028 in
738 1962 783 2029 iis
819 1980 910 2048 quae
944 1958 1160 2029 antecedunt
1196 1970 1269 2028 non
1304 1962 1407 2028 inest.
1468 1959 1585 2027 Antea

133 2062 271 2135 dictum
310 2074 365 2135 est
402 2066 530 2135 Persas
569 2063 765 2151 Medosque
803 2065 899 2153 quod
938 2067 1092 2135 maxime
1129 2068 1221 2133 inter
1260 2084 1382 2133 omnes
1421 2063 1585 2132 homiues

132 2168 313 2257 voluptati
349 2170 545 2251 studerent,
578 2172 874 2256 generosissimos
910 2190 950 2239 ac
984 2170 1200 2240 fortissimos
1231 2189 1309 2238 esse
1339 2168 1584 2238 barbarorum.

134 2274 216 2343 Huc
240 2298 312 2346 non
337 2275 490 2363 quadrat
520 2273 616 2363 quod
640 2273 794 2361 legimus
818 2273 996 2363 deinceps,
1027 2274 1250 2362 voluptatem
1273 2293 1351 2343 esse
1374 2271 1585 2350 liberorum;

133 2400 219 2448 nam
244 2379 287 2450 de
309 2380 475 2452 llbertatc
492 2378 679 2451 Medorum
704 2378 963 2467 Persarumque
987 2401 1059 2450 non
1082 2381 1255 2464 agebatur
1278 2400 1342 2447 nec
1366 2381 1424 2464 agi
1446 2386 1587 2465 poterat

133 2487 295 2555 omnium
329 2486 668 2563 servissimorum.¹)
725 2485 839 2554 Immo
873 2506 955 2554 vcro
987 2485 1158 2572 pergebat
1180 2481 1387 2553 Heraclides
1419 2485 1469 2551 sic
1499 2482 1584 2550 lere:

128 2594 186 2653 τῶν
219 2588 245 2654 δ’
271 2588 425 2675 Ἑλλήνων
459 2591 485 2655 οἱ
519 2595 665 2679 τρυφερῶς
701 2595 800 2663 ζῶντες
828 2587 1042 2674 ἀξιολογώτατα
1075 2587 1140 2675 περὶ
1169 2595 1219 2674 τῆς
1247 2585 1417 2674 ἐλευθερίας
1441 2584 1583 2673 πράγματ’

130 2693 308 2768 ἐνεδείξαντο
329 2694 378 2760 καὶ
395 2694 530 2781 μεγίστην
546 2697 658 2769 ἑαυτοῖς
674 2694 758 2769 δόξαν
774 2696 1027 2781 περιεποιήσαντο·
1051 2694 1181 2781 ἔστιγὰρ
1198 2699 1266 2773 κτλ,
1289 2716 1352 2763 seu
1377 2690 1463 2781 quid
1487 2690 1586 2760 aliud

131 2797 263 2870 addere
286 2802 411 2870 mavis.
459 2799 577 2871 Huius
610 2805 660 2870 rei
684 2800 887 2887 exemplum
911 2800 1138 2888 proferuntur
1161 2800 1402 2870 Athenienses
1435 2800 1585 2867 victores

131 2904 364 2986 Marathonii,
389 2906 522 2993 quibus
545 2905 608 2975 alii
631 2905 760 2976 adiecti
783 2914 902 2986 erant;
926 2926 1010 2975 nam
1034 2907 1144 2978 verba
1165 2902 1214 2970 καὶ
1237 2904 1264 2968 οἱ
1288 2901 1499 2990 φρονιμώτατοι
1522 2905 1581 2965 κτλ

133 3033 209 3081 non
232 3032 276 3080 ex
300 3014 470 3080 continua
494 3009 653 3081 eiusdem
676 3009 746 3080 loci
764 3014 923 3080 oratione
947 3031 1025 3079 csse
1042 3019 1189 3099 sumpta
1204 3009 1307 3082 docet
1330 3007 1427 3097 quod
1443 3004 1586 3076 additur

132 3111 230 3204 φησίν.
285 3113 423 3186 Eodem
456 3114 563 3186 modo
598 3120 636 3185 in
671 3116 772 3201 Irgm.
801 3123 818 3185 7
854 3117 973 3187 verbis
1007 3115 1055 3180 τὸν
1089 3114 1121 3179 δὲ
1151 3113 1262 3192 Νικίου,
1297 3111 1392 3200 φησίν,
1426 3116 1485 3175 κτλ
1514 3111 1585 3179 duo

134 3218 299 3307 exempla
337 3229 571 3293 consuuntur.
639 3221 734 3291 Fieri
772 3225 877 3290 etiam
916 3226 1036 3308 potest
1080 3229 1121 3290 ut
1159 3219 1275 3306 (frgm.
1311 3221 1344 3302 1)
1390 3218 1420 3286 Ε
1455 3224 1585 3286 rectam

134 3329 331 3396 seruaverit
345 3325 550 3396 lectionem:
575 3326 631 3398 ἕως
655 3325 722 3411 μὲν
745 3324 865 3412 ἐτρύφα,
888 3325 1002 3394 uthis
1020 3324 1209 3413 descriptIo
1227 3326 1404 3395 malorum
1421 3324 1587 3410 opposita

133 3430 241 3499 luerit
278 3432 410 3518 quibus
447 3431 617 3503 libidines
656 3435 825 3502 remissae
862 3452 936 3500 rem
973 3430 1155 3517 publicam
1195 3431 1472 3499 Atheniensium
1517 3429 1584 3494 im-

130 3532 353 3622 plicaverint.

238 3674 369 3747 Hiatus
393 3681 527 3747 vitatur
550 3681 587 3747 in
611 3678 711 3763 lrgm.
740 3685 755 3746 1
780 3699 938 3766 prorsus,
961 3680 993 3746 si
1016 3677 1150 3763 excipis
1174 3673 1311 3745 locum:
1338 3672 1387 3738 καὶ
1411 3670 1490 3740 οὗτοι
1512 3667 1587 3758 ἦσαν

132 3778 161 3843 οἱ
184 3785 308 3846 τοιοῦτον
331 3781 357 3846 oi
380 3782 431 3866 τήν
455 3787 522 3861 κτλ,
547 3804 652 3870 quem
677 3781 880 3852 sanandum
903 3790 991 3870 puto
1017 3785 1082 3850 sic:
1117 3786 1242 3846 τοιοῦτοι
1265 3779 1293 3845 δ’
1312 3775 1387 3863 ἦσαν
1410 3780 1436 3844 οἱ
1459 3780 1511 3858 τὴν
1534 3783 1589 3843 κτλ

133 3887 268 3965 (rocetos
300 3884 330 3949 δ’
357 3881 435 3960 ὄντες
469 3888 640 3969 Aeliam),
674 3891 758 3957 item
782 3890 819 3956 in
850 3893 881 3964 3,
912 3893 943 3965 4,
973 3891 1004 3968 5,
1034 3892 1064 3966 6,
1088 3892 1124 3966 8;
1158 3890 1196 3956 in
1220 3892 1237 3955 'l
1263 3894 1298 3954 et
1321 3891 1341 3954 2
1367 3925 1404 3934 -
1430 3888 1586 3973 exceptis

133 3992 303 4060 nimirum
328 3993 461 4080 ubique
485 3995 529 4063 iis
554 3997 615 4081 qui
638 4001 701 4062 aut
734 3996 824 4062 crasi
857 4000 920 4061 aut
949 3991 1099 4062 elisione
1130 3991 1233 4061 facile
1263 3990 1443 4061 tolluntur
1474 3986 1585 4078 (quod

133 4102 255 4164 tamen
278 4095 395 4181 nolui)
427 4135 468 4144 -
499 4098 566 4168 hos
590 4101 712 4168 inveni
735 4096 850 4168 locos:
875 4097 1008 4182 ’ἰδιωτικῇ
1031 4095 1109 4182 οἰκία
1133 4097 1171 4164 fr.
1198 4102 1235 4175 ‘I;
1260 4099 1365 4161 ἑαυτοῦ
1389 4095 1461 4161 εἶναι
1486 4095 1523 4164 fr.
1549 4099 1587 4173 2;

134 4197 198 4267 sed
235 4199 336 4269 vides
374 4201 442 4272 hoc
482 4205 636 4290 pessime
674 4224 751 4272 esse
798 4199 978 4271 traditum.
1047 4200 1163 4282 Quam
1211 4203 1256 4273 ob
1294 4223 1367 4271 rem
1413 4222 1476 4271 nec
1520 4193 1588 4263 οὔτε

239 4532 260 4601 ¹)
287 4531 391 4592 Liceat
416 4531 473 4592 hoc
497 4531 562 4591 loco
589 4532 722 4591 animum
749 4531 904 4591 advertere
928 4531 966 4590 ad
984 4531 1094 4591 mirum
1113 4531 1229 4592 Aeliani
1257 4531 1354 4591 locum
1379 4531 1415 4590 V.
1434 4531 1471 4590 H.
1491 4530 1519 4590 X
1540 4535 1586 4589 14:

134 4617 278 4694 Σωκράτης
296 4623 383 4693 ἔλεγεν
403 4616 442 4675 ὅτι
460 4617 478 4692 ἠ
498 4617 572 4694 άργία
597 4616 697 4695 ἀδελφὴ
715 4625 761 4692 τῆς
780 4619 926 4692 ἐλευθερίας
951 4621 1027 4674 ἐστίν.
1065 4623 1109 4675 καὶ
1127 4618 1267 4696 μαρτύριον
1286 4621 1373 4692 ἔλεγεν
1393 4617 1588 4694 ἀνδρειοτάτους

134 4709 179 4761 καὶ
207 4707 440 4782 ἐλευθερωτάτους
462 4704 558 4769 Ἰνδοὺς
584 4709 629 4761 καὶ
657 4706 763 4781 Πέρσας,
792 4705 955 4781 ἀμφοτέρους
983 4709 1010 4762 δὲ
1034 4709 1097 4782 πρὸς
1120 4707 1302 4783 χρηματισμὸν
1331 4704 1490 4781 άργυτάτους
1509 4708 1587 4761 εἶναι·

134 4791 238 4868 Φρύγας
257 4796 284 4848 δὲ
303 4797 347 4848 καὶ
367 4793 465 4855 cludo-i:
485 4792 730 4869 ἐργαστικιυτάτυυς,
756 4792 885 4849 δονλευέιν
905 4797 941 4849 δέ.
979 4794 1076 4853 Valde
1101 4795 1251 4853 consentit
1275 4794 1426 4853 sententia
1448 4793 1499 4851 hic
1521 4812 1587 4864 pro·

133 4880 195 4940 luta
221 4897 290 4940 cum
318 4887 419 4941 nostro
447 4881 620 4951 fragmento.
675 4879 733 4940 Sed
761 4898 798 4941 ex
827 4881 984 4941 Heraclide
1013 4881 1129 4940 Aeliani
1164 4881 1293 4939 narratio
1320 4899 1379 4940 nen
1410 4882 1513 4951 fluxit;
1551 4900 1586 4939 an

134 4967 309 5039 putabimus
320 4967 456 5028 Platonis
474 4967 666 5040 discipulum,
686 4985 866 5040 utrumquem
887 4969 918 5026 iu
935 4970 1032 5028 locoso
1045 4969 1171 5038 dialogo,
1190 4969 1375 5039 voluptatem
1394 4987 1428 5027 oc
1442 4969 1587 5027 desidiam

133 5053 354 5126 praedimntam
373 5055 481 5117 fecisse
499 5055 673 5117 Socratem?
