3570 5574
763 432 805 497 29

57 646 154 708 teste
189 642 347 706 suaviter
381 638 627 725 colloquentes
666 638 811 716 fecerat,
852 641 888 706 in
923 636 991 707 hoc
1026 637 1168 723 dialogo
1203 637 1378 722 singulari
1412 658 1508 707 corn-

54 742 222 830 ponendo
259 745 433 812 institisse
463 747 779 831 persuasissimum
809 744 934 813 habeo.
993 742 1096 812 Adde
1126 743 1221 830 quod
1253 741 1508 812 similitudines

56 847 235 934 quaedam
271 847 355 915 huic
386 869 465 916 cum
499 848 642 932 dialogo
675 846 728 928 ‚de
756 851 861 931 genic
887 846 1055 916 Socratis‘
1090 847 1314 917 intercedunt
1348 846 1387 915 cf.
1413 845 1508 915 Hira.

54 952 148 1020 Dial.
166 952 201 1020 II
226 975 258 1038 p.
282 954 389 1021 153A
410 962 435 1021 1.

161 1057 260 1138 Quae
284 1079 363 1126 cum
389 1061 440 1125 ita
463 1060 546 1134 sint,
571 1057 801 1126 manifestum
831 1066 885 1124 est
914 1078 991 1136 ncS,
1024 1066 1162 1142 practer
1194 1077 1308 1143 pauca
1331 1057 1395 1126 illa
1419 1078 1509 1144 quae

54 1162 176 1230 adhuc
210 1161 395 1230 enucleare
426 1163 568 1239 licebat,
603 1163 799 1232 uberiorem
825 1161 1025 1231 Heraclidis
1058 1172 1092 1229 et
1115 1164 1297 1248 scriptoris
1331 1171 1365 1231 ct
1387 1163 1507 1250 philo-

55 1266 162 1353 sophi
194 1269 358 1335 notitiam
384 1267 502 1336 solum
527 1289 569 1334 ex
594 1270 683 1353 ipsis
713 1267 919 1350 fragmentis
946 1286 1035 1352 quae
1059 1273 1204 1334 exstant
1227 1267 1369 1335 haurire
1392 1287 1507 1354 posse.

56 1373 293 1441 Revertamur
316 1375 424 1455 igitur
448 1371 494 1439 ad
519 1372 724 1456 Diogenem.
782 1372 997 1455 Catalogum
1021 1370 1194 1440 librorum
1219 1370 1526 1442 Heraclideorum'

55 1499 129 1546 non
154 1498 233 1544 esse
258 1475 393 1545 nudam
418 1481 733 1555 enumerationem,
766 1476 828 1544 sod
852 1499 873 1545 a
896 1476 1076 1545 redactore
1101 1474 1256 1562 quodam
1282 1481 1440 1546 animum
1465 1476 1509 1545 ad

55 1588 269 1667 argumenta
305 1581 479 1650 librorum
508 1580 713 1651 attendente
747 1604 824 1651 esse
855 1585 1105 1669 compositum,
1139 1591 1343 1651 monstrant
1370 1581 1509 1651 addita-

55 1696 191 1756 menta:
217 1691 318 1756 κοινῶς
333 1711 365 1749 τε
381 1685 445 1771 περὶ
463 1685 575 1771 ἀρετῆς,
597 1685 659 1752 κατ’
677 1686 753 1751 ἰδίαν
773 1685 837 1772 περὶ
855 1693 958 1774 ψυχῆς.
975 1688 1000 1768 ¹)
1047 1687 1103 1757 Hx
1127 1691 1242 1774 priore
1267 1687 1509 1756 additamento

56 1790 163 1861 valde
197 1801 353 1878 apparet,
389 1791 425 1859 id
449 1791 544 1878 quod
576 1795 646 1861 iam
677 1793 715 1860 F.
742 1792 907 1862 Schmidt
935 1816 968 1880 p.
994 1799 1014 1860 2
1042 1814 1093 1879 sq.
1118 1798 1210 1861 recte
1234 1795 1371 1870 statuit,
1406 1799 1512 1861 antea

55 1919 134 1966 esse
159 1901 368 1966 nominatos
400 1896 528 1966 titulos
553 1919 674 1966 eorum
708 1901 921 1984 scriptorum
955 1919 1044 1984 quac
1069 1895 1112 1965 de
1135 1896 1290 1983 singulis
1314 1896 1509 1966 virtutibus

57 2003 222 2087 agebant.
270 2002 317 2069 m
347 2023 382 2068 re
406 2023 490 2070 vcra
514 2023 604 2088 quae
628 2005 860 2072 nominantur
890 2010 976 2070 sunt
999 2002 1103 2070 haec:
1134 2000 1199 2087 περὶ
1223 2000 1415 2086 δικαιοσύνης,
1445 1998 1511 2086 περὶ

56 2106 254 2192 σωφροσύνης,
278 2103 343 2188 περὶ
361 2103 517 2190 εὐσεβείας,
540 2104 605 2191 περὶ
622 2105 764 2192 ἀνδρείας.
809 2106 905 2178 Ηοοο
929 2109 1038 2192 igitur
1061 2109 1194 2193 scripta
1217 2114 1341 2177 auctor
1357 2105 1511 2191 catalogi

58 2217 95 2282 iu
121 2213 217 2281 hunc
241 2210 386 2280 modum
410 2214 613 2298 composuit
637 2210 733 2298 quod
756 2213 909 2297 putabat
931 2214 969 2279 in
993 2215 1043 2279 eis
1068 2209 1111 2279 de
1136 2210 1290 2296 singulis
1315 2213 1510 2281 virtutibus

56 2318 273 2388 Platonicis:
301 2315 447 2403 φρόνησις,
464 2314 592 2402 ἀνδρεία,
613 2315 796 2402 σωφροσύνη,
814 2314 982 2399 δικαιοσύνη
999 2320 1066 2401 agi.
1115 2315 1173 2385 Sic
1190 2319 1297 2385 etiam
1314 2315 1513 2403 explicatur

60 2425 159 2493 ibros
183 2419 247 2506 περὶ
278 2421 385 2505 ἡδονῆς
409 2429 444 2489 et
466 2419 531 2505 περὶ
555 2419 694 2497 ἐξουσίας,
730 2442 819 2508 quos
844 2420 1023 2505 Diogenes
1047 2443 1090 2490 ex
1114 2419 1185 2491 alio
1210 2421 1307 2490 fonte
1331 2420 1442 2498 affert,
1474 2423 1512 2488 in

57 2527 224 2610 catalogo
261 2549 333 2596 non
368 2529 563 2595 nominari:
600 2525 740 2595 addidit
774 2534 895 2594 auctor
926 2525 1079 2611 catalogi
1109 2525 1228 2595 solum
1259 2548 1369 2596 unum
1394 2525 1510 2594 aliud:

56 2629 107 2695 καὶ
132 2627 204 2696 ἄλλο
228 2628 294 2716 περὶ
319 2629 514 2714 εὐδαιμονίας.
559 2630 650 2699 Tum
678 2630 723 2699 ad
747 2629 846 2699 aliud
869 2652 983 2714 genus
1007 2634 1221 2718 scriptorum
1253 2631 1450 2702 ethicorum
1474 2652 1512 2699 se

61 2739 249 2806 convertit:
274 2732 339 2820 aspi
356 2733 458 2821 ἀρχῆς,
482 2733 546 2820 περὶ
562 2733 667 2819 νόμων,
690 2733 755 2820 περὶ
772 2733 931 2818 ὀνομάτων,
955 2737 1104 2819 συνθῆκαι.
1149 2735 1260 2806 Tituli
1284 2733 1337 2815 ‚de
1355 2738 1513 2823 imperio,

62 2841 106 2911 de
128 2841 281 2927 legibus‘
314 2839 474 2909 indicant
504 2839 549 2909 ad
580 2863 634 2908 res
665 2839 789 2908 civiles
825 2838 1049 2919 (illustravit
1078 2862 1219 2909 omnem
1250 2840 1347 2909 hunc
1371 2840 1512 2908 civilem

62 2951 100 3016 in
125 2943 343 3033 disputando
368 2944 497 3014 locum‘
534 2944 602 3013 Cic.
628 2944 671 3013 de
694 2944 785 3030 legg.
804 2945 903 3024 1116,
929 2951 983 3020 14)
1015 2966 1052 3012 se
1082 2952 1284 3014 convertere
1313 2952 1513 3021 auctorem;

63 3050 159 3138 quod
191 3052 363 3138 probatur
392 3053 499 3119 etiam
533 3049 639 3120 titulo
669 3053 820 3133 οονύῆιιαι,
857 3054 932 3119 siva
957 3048 999 3117 de
1022 3048 1224 3119 foederibus
1257 3048 1412 3136 publicis
1437 3052 1512 3118 sive

62 3157 104 3227 de
129 3158 356 3243 pactionibus
381 3158 530 3240 privatis
563 3157 693 3239 agebat
723 3154 867 3236 libe1·.²)
914 3156 1094 3224 Abhorret
1123 3154 1167 3223 ab
1198 3154 1266 3223 hoc
1289 3157 1513 3241 scriptorum,

60 3283 187 3346 genere
222 3258 350 3329 titulus
385 3256 449 3343 περὶ
486 3257 642 3342 ὀνομάτων.
699 3261 755 3330 Idu
791 3261 858 3329 hcc
892 3258 999 3328 titulo
1033 3258 1286 3328 concluserunt
1309 3259 1512 3328 Deswertus

61 3389 94 3454 p.
122 3371 185 3434 115
213 3365 275 3433 alii
298 3365 431 3434 librum
455 3361 520 3448 περὶ
544 3366 737 3448 &apoto-pitu
768 3387 872 3451 quem
902 3363 997 3450 apud
1020 3367 1271 3448 grammaticos
1300 3367 1513 3451 posteriores

59 3482 94 3540 et
133 3475 170 3539 in
198 3469 323 3539 lexicis
362 3467 478 3538 afferri
517 3469 680 3538 videmus
721 3468 777 3543 (cs.
802 3469 840 3536 F.
867 3467 1002 3547 Osann,
1042 3468 1247 3550 Quaestion.
1278 3468 1420 3538 Homer.
1449 3468 1511 3537 III.

61 3577 192 3646 Gissae
233 3579 345 3655 1853),
384 3577 498 3644 nostri
537 3572 736 3641 Heraclidis
776 3573 918 3642 Pontici
957 3594 1045 3649 esse,
1090 3574 1276 3660 multaque
1314 3573 1514 3659 fragmenta

59 3683 284 3767 grammatici
320 3683 519 3762 argumenti
555 3699 598 3746 ex
633 3677 851 3757 scholiastis‚
890 3677 1150 3763 etymologiam,
1189 3677 1334 3747 aliunde
1369 3685 1515 3764 sumpta

60 3794 319 3871 congesserunt
354 3792 389 3852 et
423 3782 642 3861 Heraclidae,
677 3806 720 3851 ex
755 3781 949 3869 disciplina
978 3783 1143 3853 Platonis
1179 3791 1255 3852 orta
1290 3784 1393 3852 nobis
1425 3804 1512 3851 ven-

61 3892 279 3969 ditaverunt,
303 3891 344 3958 cf.
367 3890 526 3957 Dcswert
549 3912 582 3975 p.
603 3895 675 3967 115,
695 3894 756 3957 trs
773 3910 848 3975 sqq.
864 3886 892 3970 3)
939 3887 1010 3956 Sed
1033 3910 1106 3957 non
1131 3887 1350 3972 intellegitur
1373 3909 1435 3956 cur
1457 3888 1515 3956 hic

59 3995 192 4064 titulus
224 4017 297 4063 non
322 3998 358 4064 in
383 3996 498 4081 capite
520 3997 752 4078 grammatico
784 3997 925 4081 positus
958 3997 1006 4062 sit
1037 3994 1081 4062 ab
1105 4000 1247 4062 auctore
1271 3992 1444 4076 catalogi;
1480 4003 1514 4059 et

60 4122 280 4188 quamquam
306 4103 427 4185 negari
452 4122 524 4169 non
547 4108 667 4186 potest
690 4099 908 4186 discipulum
933 4099 1107 4177 Platonis
1140 4102 1200 4185 qui
1223 4101 1300 4185 ipse
1326 4096 1512 4182 Cratylum

59 4209 217 4293 scripsit,
254 4204 296 4274 de
321 4206 509 4275 verborum
534 4204 796 4290 significatione
826 4206 960 4275 librum
985 4202 1155 4273 conficere
1184 4208 1357 4290 potuisse,
1393 4210 1513 4271 tamen

166 4451 187 4518 ¹)
206 4449 305 4507 Etiam
324 4449 399 4507 illud
424 4453 467 4503 καὶ
485 4457 535 4503 τιον
556 4457 679 4522 οοηηενιῖιν
698 4447 799 4508 τούτοις
823 4447 1060 4505 additamentum
1086 4463 1152 4505 esse
1176 4450 1249 4516 puto
1274 4445 1312 4503 ad
1330 4445 1422 4504 libros
1441 4445 1516 4504 riuos

60 4541 224 4608 sequentes
251 4536 413 4606 pertinens.
461 4538 504 4595 Cf,
525 4539 609 4606 frgm.
629 4542 676 4594 61:
706 4533 801 4607 ὁμοίως
829 4532 852 4588 ‹3‘
871 4537 1009 4606 αἰτιολογεῖ
1031 4536 1166 4606 πωγωνίαν
1187 4530 1241 4588 ἅλω
1261 4534 1350 4589 δοκίδα
1368 4535 1443 4589 κίονα
1461 4537 1516 4588 καὶ

58 4628 99 4681 τὰ
120 4630 260 4696 συγγενῆ
279 4623 424 4685 τούτοις.
728 4613 730 4618 ’

166 4714 187 4783 ⁹)
216 4713 264 4771 Ad
292 4712 339 4770 ius
367 4711 455 4770 civile
482 4712 561 4769 hunc
588 4711 697 4768 librum
726 4710 908 4780 pertinuisse
936 4708 1131 4768 verisimilius
1159 4710 1235 4769 duco
1260 4712 1427 4779 comparato
1449 4707 1516 4766 luco

58 4800 233 4862 Aristotelis
252 4798 367 4857 Polli-I
384 4805 431 4857 lb:
461 4803 507 4854 εἰνὶ
531 4801 558 4852 δὲ
582 4802 658 4852 πέντε
677 4797 720 4851 τὸν
741 4795 849 4872 ἀριθμόν
876 4795 1001 4861 [scillcet
1019 4798 1140 4864 πίστεις)
1170 4795 1250 4867 νόμον,
1279 4793 1413 4868 μάρτυρες,
1442 4815 1517 4848 σνν-

58 4896 176 4962 δήκαι,
197 4886 311 4960 βάσανοι,
331 4883 412 4960 ὅρκοι.

167 4977 187 5042 ³)
215 4974 341 5032 Librum
369 4974 456 5043 Lcop.
486 4972 608 5042 eonon,
645 4973 681 5029 de
711 4972 827 5030 Heracl.
856 4971 942 5028 Pont.
973 4971 1221 5040 etymologiarum
1257 4969 1401 5040 scriptore
1438 4969 1513 5027 anti-

57 5062 209 5136 quissimo
228 5060 364 5130 (Breslau
386 5061 462 5128 1884)
481 5059 628 5131 inspicere
648 5077 708 5118 non
726 5058 819 5117 licuit.
856 5057 892 5116 cf.
913 5057 1061 5117 Schrader
1078 5077 1106 5129 p.
1125 5061 1185 5115 236.
