3570 5574
905 398 946 462 68

407 599 502 670 Cael.
528 599 650 670 Aurel.
676 599 718 669 de
742 600 853 671 morb.
879 608 971 668 aeut.
996 598 1012 666 I
1037 604 1077 666 14
1101 608 1204 667 extr:

156 726 168 791 i
304 720 572 808 (Asclepiades)
612 737 761 806 regnum
800 723 941 789 animae
980 720 1101 805 aliqua
1146 723 1182 789 in
1229 728 1327 806 parte
1370 722 1527 806 corporis
1567 739 1654 784 corr-

198 828 366 893 stitutum
391 832 508 908 negat.
546 825 689 894 Etenim
714 823 806 894 nihil
831 823 930 892 aliud
954 846 1031 893 esse
1055 823 1141 892 dicit
1165 827 1321 891 animam
1347 844 1454 909 quam
1479 845 1654 890 sensuum

199 932 358 997 omnium
383 935 540 997 coctum:
576 928 797 997 intellectum
823 920 941 996 aute'm
973 927 1191 998 occultarum
1228 927 1284 996 vel
1315 925 1504 995 latentium
1536 946 1656 994 rerum

199 1037 242 1112 (=
265 1037 322 1095 τῶν
346 1029 475 1116 ἀδήλων)
499 1054 561 1118 μοι
584 1031 775 1101 solubilem
800 1030 877 1099 fieri
900 1038 1037 1100 motum
1062 1053 1233 1099 sensuum
1259 1033 1320 1117 qui
1346 1031 1389 1099 ab
1407 1029 1655 1098 accidentibus

199 1136 365 1204 sensibus
390 1143 497 1222 atque
522 1134 745 1205 antecedenti
769 1140 1013 1224 perspectione
1037 1134 1225 1221 perficitur.

303 1240 343 1308 cl.
368 1239 483 1308 Zeller
506 1238 654 1308 PndG.
679 1240 731 1309 III
757 1239 789 1306 1⁸
812 1262 845 1326 p.
870 1244 934 1307 550
958 1260 1008 1325 sq.

507 1411 608 1480 XXI.
646 1409 739 1497 ΙΙερλ
771 1411 942 1476 εἰδώλων
972 1413 1062 1497 πρὸς
1093 1410 1345 1496 Δημόκριτον.

829 1534 893 1602 DL
917 1533 949 1599 V
973 1540 1024 1603 87.

409 1653 517 1724 Olem.
544 1655 646 1724 Alex.
672 1654 845 1742 Protrept.
872 1654 904 1722 V
928 1661 984 1725 66:

131 1774 179 1848 65
302 1773 479 1859 Ἐπικούρου
514 1774 565 1858 μὲν
599 1775 654 1860 γὰρ
683 1776 771 1859 μόνου
801 1775 850 1840 καὶ
881 1775 955 1839 ἑκὼν
986 1774 1159 1859 ἑκληοομαι,
1189 1771 1219 1845 ός
1250 1773 1334 1840 οὐδὲν
1367 1775 1462 1858 μέλειν
1494 1773 1587 1838 οἴεται
1623 1781 1666 1858 τῷ

202 1882 262 1965 θεῷ
290 1879 338 1942 διὰ
370 1878 485 1942 πάντων
516 1878 638 1964 ἀσεβῶν.
683 1877 708 1942 τί
740 1877 1067 1964 χαὶρἭρακλείῦης
1091 1878 1106 1940 ό
1131 1879 1325 1958 ΙΙοντικόςς
1357 1878 1409 1943 οὐκ
1441 1875 1582 1962 ἔσθ’όπη
1607 1877 1663 1942 οὐκ

201 1980 248 2047 ἐπὶ
272 1983 307 2046 τοὶ
333 1981 514 2068 Δημοκρίτου
538 1980 587 2046 καὶ
611 1981 696 2055 αὐτὸς
721 1983 914 2069 καταοόρεται
939 1981 1056 2048 εἴδωλα,

306 2086 347 2153 cf.
374 2086 474 2154 Diels
501 2087 590 2156 Dox.
615 2109 648 2173 p.
677 2093 734 2156 131
761 2108 812 2173 sq.
858 2087 973 2156 Zeller
996 2088 1030 2156 II
1055 2093 1094 2155 14
1118 2109 1151 2174 p.
1181 2093 1261 2156 1038
1278 2091 1319 2154 A.
1346 2093 1374 2156 3.

708 2261 825 2329 XXII.
865 2258 958 2344 Περὶ
989 2258 1081 2345 βίων
1116 2258 1159 2322 B'.

839 2380 1019 2451 DLV87.

412 2505 533 2588 Antig.
560 2502 650 2571 Hist.
679 2501 802 2572 Mirab.
829 2503 925 2572 nnn
949 2526 981 2590 p.
1007 2510 1046 2572 97
1072 2501 1198 2571 Wcst:

134 2632 182 2701 66
307 2623 358 2705 την
381 2623 414 2687 δὲ
437 2627 467 2687 ἐν
484 2627 541 2696 τοῖς
558 2622 724 2709 Σαρμάταις
748 2621 849 2707 λίμνην
868 2622 1126 2709 Ἠρακλείῦην
1149 2624 1277 2709 γράφειν,
1302 2619 1344 2686 ότι
1360 2621 1443 2686 οὐδὲν
1459 2629 1516 2686 τῶν
1534 2621 1663 2706 όρνίλλων

203 2722 378 2810 ὑπεραίρειν,
402 2728 434 2791 τό
459 2727 491 2790 δὲ
514 2727 672 2812 προςελῦὸν
705 2725 760 2790 ὑπὸ
791 2734 840 2810 τῆς
870 2726 960 2811 όομής
984 2733 1134 2791 τελευταῖν·
1166 2723 1181 2789 ’ό
1211 2726 1244 2790 δὲ
1273 2725 1321 2789 καὶ
1352 2725 1417 2812 περὶ
1447 2728 1498 2810 την
1519 2725 1659 2811 ἰλορνῐτιν

202 2831 284 2892 δοκεῖ
304 2827 452 2913 γίγνεσθαι
475 2829 522 2895 καὶ
545 2830 717 2917 κατίσχυσεν
743 2829 762 2914 ἡ
789 2831 873 2917 φήμη
896 2832 975 2916 παρὰ
1001 2834 1057 2903 τοῖς
1089 2829 1240 2902 πλείστοις.
1285 2830 1381 2899 ldcm
1416 2840 1533 2899 exstat
1566 2829 1665 2917 apud

204 2932 388 3003 Sotionem
413 2935 451 3003 ir.
476 2941 518 3003 22
541 2958 574 3022 p.
602 2941 663 3005 186
687 2935 797 3004 Weat.
823 2935 937 3004 Teate.
964 2936 1008 3004 ad
1032 2937 1117 3022 Lyc.
1143 2959 1175 3003 v.
1202 2942 1273 3004 704.

310 3039 565 3124 Fragmentum
591 3039 788 3109 Heraclidis
814 3044 926 3109 nostri
949 3063 1026 3109 esse
1051 3062 1093 3108 ex
1118 3062 1158 3108 eo
1187 3043 1415 3126 potissimum
1448 3038 1663 3108 concludere

204 3140 287 3210 licet
312 3143 408 3230 quod
432 3142 622 3213 oblocutus
648 3151 702 3212 est
725 3142 890 3212 Timaeus
915 3143 1011 3230 apud
1036 3145 1157 3230 Antig.
1185 3144 1206 3212 l.
1232 3143 1272 3211 l:

308 3243 323 3308 ὁ
348 3245 381 3310 δὲ
396 3244 516 3331 Τίμαιος
540 3253 622 3312 τοῦτο
647 3246 697 3330 μέν
721 3251 825 3332 ψεῦδος
849 3246 961 3332 ἠχεῖται
985 3247 1071 3310 εἶναι·
1095 3249 1129 3311 τὰ
1154 3250 1272 3310 πλεῖστα
1296 3247 1350 3332 γὰρ
1372 3249 1545 3333 κατατυχεῖν
1572 3247 1660 3323 (κατὰ

205 3352 296 3438 τόχην
320 3351 447 3437 vulgo:
473 3374 557 3421 coll.
585 3351 750 3438 Bentley)
775 3358 829 3415 τῶν
854 3353 1024 3436 εἰθισμένων
1047 3350 1116 3437 παρ’
1132 3351 1207 3437 αὐτῇ
1231 3356 1411 3415 discedebat·
1443 3354 1535 3414 ἐκεῖνο
1561 3352 1660 3434 μέντοι

206 3455 292 3540 λέγει,
316 3455 389 3519 διότι
413 3455 587 3540 αονόἑνόρων
610 3455 706 3519 τόπων
730 3457 917 3540 ἐπικειμένων
941 3456 1016 3542 αὐτῇ
1039 3454 1087 3520 καὶ
1111 3461 1226 3520 πολλῶν
1250 3455 1366 3519 κλαὶὖιον
1389 3453 1437 3519 καὶ
1465 3455 1586 3540 φόλλιιιν
1610 3457 1661 3520 διαὶ

205 3559 240 3623 τὰ
265 3558 415 3643 πνεόματα
438 3564 494 3622 τῶν
518 3559 570 3644 μὲν
593 3561 836 3644 κατακλωμὲνων,
860 3566 915 3624 τῶν
939 3560 971 3624 δὲ
995 3560 1220 3645 ἀποοειομένιον,
1243 3559 1328 3624 οόόἑν
1345 3563 1420 3624 ἐστιν
1436 3559 1507 3622 ἰδεῖν
1523 3559 1573 3623 ἐπ’
1588 3558 1666 3646 αὓτη]

206 3662 376 3748 ἐφεστηκός,
400 3662 476 3726 ἀλλά
500 3666 645 3744 διαμένειν
669 3664 810 3749 καθαρόν.

310 3766 493 3836 Timaeum
520 3767 809 3837 Tauromenitam
834 3790 938 3854 quem
963 3772 1034 3838 iam
1059 3770 1097 3838 fr.
1129 3777 1159 3836 11
1196 3767 1375 3837 Heraclidi
1405 3767 1663 3855 obloquentem

208 3872 377 3950 vidimus,
411 3875 665 3956 gravissimum
701 3872 812 3941 fuisse
843 3893 1023 3941 censorem
1054 3873 1195 3942 Pontici
1226 3896 1331 3960 quam
1364 3876 1518 3941 maxime
1550 3873 1670 3942 elucet

209 3997 251 4044 ex
276 3975 419 4062 dialogo
644 4047 779 4115 XXIII·
811 4044 945 4110 χίτραῑ
976 4045 1066 4131 περὶ
1098 4047 1226 4110 temer.

847 4168 909 4235 DL
926 4166 960 4234 V
977 4175 1027 4237 87.

316 4290 367 4358 Ue
390 4292 525 4360 morbis
551 4290 724 4377 quaedam
751 4294 820 4358 iam
845 4290 987 4376 prolata
1010 4298 1096 4358 sunt
1119 4291 1156 4357 l’r.
1184 4296 1242 4366 64;
1278 4300 1409 4358 certum
1435 4313 1512 4358 esse
1545 4288 1668 4358 iudico

209 4394 444 4475 Heraclidem,
468 4417 546 4463 cum
574 4403 693 4480 ageret
716 4393 758 4462 de
782 4396 927 4472 morbis,
953 4417 972 4462 a
996 4393 1159 4464 doctrina
1182 4416 1250 4463 sua
1274 4395 1470 4463 elationum
1506 4396 1575 4465 (sic
1608 4396 1667 4464 vel

210 4505 389 4577 ,tumores‘
414 4503 520 4568 vertit
542 4499 873 4569 Pseudo-Clemens
898 4496 998 4583 ὄγκους
1022 4521 1055 4584 p.
1081 4503 1140 4566 251
1164 4499 1211 4580 D)
1244 4501 1440 4586 proiectum
1472 4508 1506 4568 et
1536 4497 1666 4568 Ascle-

211 4605 352 4692 piadem
375 4608 412 4673 in
437 4606 504 4674 hac
528 4627 562 4672 re
586 4627 666 4674 eum
691 4614 852 4674 secutum
877 4626 962 4672 esse.

421 4779 544 4849 Galen.
571 4779 613 4848 de
637 4789 788 4848 tremore
804 4778 871 4847 Vll
894 4800 928 4864 p.
954 4782 1018 4846 614
1034 4777 1085 4844 K:

62 4941 67 4949 ·
144 4907 190 4979 67
316 4900 371 4988 [ότι
395 4902 446 4987 μὲν
468 4903 524 4988 γὰρ
547 4902 579 4966 τι)
609 4905 704 4987 pareds
735 4899 829 4971 πόθος
859 4899 933 4964 ἐστὶν
961 4904 1012 4964 τοῦ
1042 4899 1115 4963 κατὰ
1144 4899 1229 4984 φύσιν
1264 4905 1382 4985 θερμοῦ,
1418 4900 1523 4986 σχεδόν
1559 4896 1671 4964 ἅπασιν

158 5032 179 5080 a
212 5006 409 5094 ὡμολόγηται]
508 5012 567 5079 πῶς
590 5007 645 5093 γὰρ
668 5001 717 5070 οὖν
741 4999 820 5069 οὗτοι
845 5004 935 5081 (scil.
955 5002 1182 5092 Ἐρασίστρατος
1210 5001 1258 5068 καὶ
1284 5002 1471 5090 Πραξαγόρας
1499 5002 1549 5068 καὶ
1578 5005 1669 5070 Φιλό·
