3570 5574
776 412 819 483 δῶ

66 622 200 696 Iustini
241 624 321 696 loco
364 625 469 696 valde
502 627 653 696 obscuro
692 625 763 705 (43,
786 631 817 706 5,
840 628 886 709 8).
946 624 1108 697 Ceterum
1152 648 1266 714 neque
1309 621 1526 697 Plutarchus

67 737 192 799 nostro
215 728 296 799 loco
320 751 435 817 neque
458 728 626 814 Ungerus
651 729 735 810 (Rh.
761 731 807 799 Μ.
829 735 871 800 38
895 752 927 817 p.
953 737 1027 801 483.
1053 735 1132 813 503)
1157 734 1250 799 iuste
1274 729 1317 799 de
1340 730 1527 802 Heraclide

70 833 251 903 iudicasse
275 832 442 902 videntur
480 833 520 901 cf.
545 831 674 903 Hirzcl.
699 855 731 922 p.
757 838 831 904 326.

278 1008 358 1077 Act.
383 1005 478 1075 Plac.
503 1003 554 1075 IV
572 1012 603 1088 3,
627 1012 647 1076 6
669 1029 703 1095 p.
728 1012 792 1077 388
815 1006 933 1076 Diels:
1536 1089 1537 1092 γ

168 1126 423 1215 Ἡρακλείδης
446 1131 594 1215 μαστοειδῆ
616 1127 668 1212 τήν
692 1129 788 1215 ψυχὴν
811 1127 943 1215 ὡρίσατο.
1548 1132 1596 1205 29

279 1283 487 1355 Tertullian.
513 1283 556 1353 de
581 1305 636 1352 an.
662 1290 697 1354 9:

177 1427 242 1475 nec
266 1414 306 1476 ut
328 1429 387 1476 aer
409 1409 458 1476 sit
480 1409 560 1494 ipsa
582 1407 789 1476 substantie
812 1409 888 1475 eius
914 1406 976 1487 (sc.
1000 1408 1166 1495 animae),
1192 1411 1259 1477 etei
1283 1408 1351 1476 hcc
1375 1408 1526 1478 Aenesi·
1548 1418 1596 1492 30
1683 1470 1685 1476 .

67 1509 174 1581 demo
199 1513 317 1580 vicum
341 1519 396 1581 cst
424 1519 460 1580 et
483 1510 715 1588 Anaximeni‚
738 1516 826 1597 puto
853 1509 1049 1579 secundum
1077 1509 1253 1597 quosdam
1278 1519 1313 1580 et
1335 1509 1527 1593 Heraclito,

69 1636 138 1685 nec
162 1623 204 1685 ut
225 1614 359 1694 lumen,
383 1619 449 1684 etsi
472 1613 541 1685 hcc
563 1613 699 1702 placuit
721 1613 911 1684 Pontico
936 1613 1178 1686 Heraclidi.

279 1771 435 1842 Macrcb.
460 1774 496 1840 in
523 1770 593 1839 Cic.
620 1769 740 1840 Somn.
767 1769 861 1860 Scip.
886 1772 903 1841 I
929 1776 979 1853 14,
1005 1776 1059 1841 19:

176 1892 446 1962 Heraclides
470 1891 689 1961 Ponticus
712 1893 828 1962 lucem
855 1892 963 1973 (dixit
986 1897 1141 1963 enimam
1166 1897 1270 1978 cese).
1547 1900 1593 1973 31

282 2047 472 2137 Philcpcn.
501 2049 521 2117 f.
547 2047 616 2114 Α”λ
636 2050 684 2137 [p.
710 2049 746 2132 4]
773 2047 897 2121 Vcnet.
925 2056 1018 2131 1535,
1043 2049 1143 2119 Diels
1167 2052 1259 2121 Dox.
1283 2073 1317 2140 p.
1342 2057 1423 2121 214:

176 2171 202 2235 οἱ
226 2170 278 2256 μὲν
302 2170 433 2257 εἰρήκασι
457 2171 587 2257 αἰθέριον
617 2169 689 2235 εἶναι
718 2178 802 2256 σῶμα
833 2170 948 2249 (ταότδν
978 2173 1009 2237 δέ
1038 2174 1114 2237 ἐστιν
1144 2174 1233 2237 εἰπεῖν
1260 2171 1403 2259 οὐράνιον)
1434 2170 1528 2259 ὥςπερ
1547 2187 1596 2260 32

61 2275 328 2362 Ἡρακλείδης
351 2274 367 2340 ὁ
392 2273 580 2348 Ποντικός.

280 2432 376 2502 Plut.
401 2432 444 2502 de
467 2432 590 2503 latent.
615 2435 685 2502 viv.
711 2437 731 2502 6
754 2430 805 2502 VI
828 2454 860 2520 p.
886 2438 949 2503 484
973 2432 1141 2502 Bernerd.

178 2552 269 2638 αὐτόν
291 2579 322 2619 τε
345 2555 396 2639 τήν
419 2555 517 2641 ψυχὴν
539 2553 638 2618 ἔνιοι
665 2560 733 2618 τῶν
760 2553 980 2641 φιλοσόφων
1003 2559 1063 2641 φῶς
1095 2553 1169 2618 εἶναι
1191 2559 1227 2641 τῇ
1250 2553 1335 2640 οὐσία
1357 2553 1527 2642 νομίζουσιν,
1547 2571 1597 2644 33

72 2653 176 2730 ἄλλοις
198 2682 230 2722 τε
251 2658 396 2746 χρώμενοι
418 2656 582 2743 τεκμηρίοις
605 2656 654 2721 καί
676 2655 720 2723 ότι
742 2664 799 2722 τῶν
829 2654 919 2723 όντων
949 2657 1074 2743 μάλιστα
1097 2657 1149 2741 τήν
1180 2657 1231 2743 μὲν
1258 2654 1376 2744 ἄγνοιαν
1405 2663 1528 2724 δυσανα-

72 2867 156 2937 add.
181 2866 329 2951 Reiske)
352 2867 388 2932 τὰ
412 2865 552 2943 σκοτεινά,
576 2866 668 2953 φόβου
685 2865 734 2931 καί
750 2866 875 2955 ὑποψίας
899 2864 967 2933 ’όντα
990 2867 1087 2955 πλήρη
1110 2868 1180 2954 πρὸς
1203 2866 1308 2952 αὐτόν·
1331 2865 1388 2954 ἡδὺ
1412 2866 1439 2933 δ’
1454 2867 1530 2955 αὐτῇ

71 2970 124 3037 καὶ
146 2973 283 3038 ποθεινὸν
306 2969 384 3037 οότιο
407 2971 439 3036 τὸ
462 2977 522 3058 φῶς
545 2973 629 3048 ἐστιν,
653 2967 727 3035 ὥστε
750 2971 819 3058 μηδ’
835 2969 918 3059 ἄλλιρ
937 2971 990 3037 τινί
1005 2979 1063 3037 τῶν
1079 2970 1164 3059 φύσει
1179 2977 1307 3058 τερπνῶν
1323 2974 1390 3055 (sic
1408 2972 1528 3041 Bern.:

20 3088 22 3092 ‘
72 3077 117 3163 μή
142 3074 176 3141 δι’
185 3072 283 3142 ἄλλων
305 3074 357 3141 τινὶ
383 3083 446 3145 aut
468 3075 508 3160 μὴ
531 3073 564 3139 δὲ
587 3070 660 3139 ἄλλο
682 3100 709 3139 τι
731 3100 753 3139 τ.
770 3101 799 3162 φ.
815 3080 848 3156 τ.)
873 3072 942 3141 ἄνευ
965 3078 1062 3163 φωτός
1086 3076 1142 3142 tac
1165 3075 1283 3148 σκότους
1306 3075 1428 3163 χαίρειν,
1452 3075 1529 3142 ἀλλὰ

69 3185 159 3246 τοῦτο
193 3186 290 3245 πᾶσαν
322 3179 430 3264 ἡδονὴν
463 3178 512 3243 καί
534 3185 631 3243 πᾶσαν
654 3181 803 3267 διατριβὴν
832 3178 881 3245 καὶ
911 3179 1080 3258 ἀπόλαυσιν,
1116 3177 1214 3267 ὥσπερ
1236 3204 1262 3244 τι
1290 3181 1385 3244 κοινδν
1413 3177 1530 3266 ἥδυσμα

71 3284 331 3371 καταμιγνύμενον,
355 3284 458 3372 ἱλαρὰν
480 3287 559 3348 ποιεῖ
579 3282 628 3348 καὶ
651 3284 866 3372 φιλάνθρωπον.

182 3407 230 3476 Et
253 3408 296 3477 ab
320 3407 388 3476 hcc
411 3403 476 3493 περὶ
500 3412 596 3493 ψυχῆς
620 3403 763 3491 dialcgc
788 3416 822 3476 et
849 3411 941 3476 inter
972 3429 1019 3485 se,
1052 3405 1148 3494 qucd
1177 3411 1214 3475 in
1242 3410 1287 3477 iis
1313 3428 1454 3494 quoque
1487 3406 1530 3477 de

75 3515 282 3581 animarum
305 3515 536 3600 potissimum
555 3511 770 3593 substantia,
794 3511 888 3593 sede,
911 3515 1124 3595 migratione
1147 3510 1409 3598 disputabatur,
1434 3509 1528 3580 diffi-

71 3614 211 3686 cillime
233 3619 473 3700 seiunguntur
495 3615 579 3684 libri
603 3635 692 3701 quoe
717 3616 863 3685 exhibet
886 3614 1071 3701 catalogus

523 3769 655 3839 XVIH.
703 3769 791 3855 Περὶ
821 3776 890 3834 τῶν
920 3773 958 3834 ἐν
989 3767 1091 3855 δίδου.

714 3873 894 3946 DLVssl.

519 3984 658 4064 τραγικῶς
682 3979 883 4064 πεπλασμένον
907 3978 971 4046 DL
988 3978 1020 4045 V
1037 3986 1088 4049 88.

528 4117 627 4186 XIX.
677 4115 769 4203 ΙΙερί
799 4123 866 4181 τῶν
897 4116 1074 4205 οὐρανῶν.

710 4219 892 4291 DLV87.

285 4358 380 4429 Plut.
406 4358 465 4440 (de
487 4358 588 4431 libid.
613 4368 648 4429 et
671 4364 790 4446 aegrit.
811 4360 885 4444 vel)
910 4369 1030 4430 utrum
1054 4364 1160 4430 anim.
1185 4383 1231 4430 en
1256 4381 1382 4448 corpus
1406 4364 1441 4428 5:

180 4478 254 4545 ἔνιαι
288 4479 320 4545 δὲ
343 4475 486 4568 όίντικρυς
522 4479 571 4545 καί
609 4481 693 4555 δόξαν
730 4479 779 4546 καί
817 4482 1003 4568 διαλογισμὸν
1042 4482 1082 4555 είς
1118 4482 1151 4546 τδ
1189 4488 1272 4568 σῶμα
1309 4477 1530 4556 κατατείνουσιν,
1550 4488 1600 4561 34

71 4582 139 4649 οὐδ’
155 4583 229 4650 εἷναι
251 4583 346 4649 αἰτίαν
369 4585 507 4673 παράπαν
530 4587 627 4673 ψυχὴν
650 4586 788 4670 λέγοντες,
812 4584 888 4650 ἀλλὰ
911 4593 948 4673 τῇ
975 4593 1025 4651 τοδ
1057 4586 1188 4673 σώματος
1219 4590 1345 4673 διαφορᾷ
1374 4582 1423 4648 καί
1450 4583 1531 4648 ποιό-

71 4713 139 4774 τητι
172 4686 221 4754 καί
255 4688 375 4775 δυνάμει
410 4692 609 4755 συντελεῖσθαι
642 4690 678 4754 τὰ
711 4696 841 4755 τοιαδτα.
896 4691 929 4755 τδ
953 4691 1005 4776 μὲν
1042 4691 1098 4778 γὰρ
1135 4689 1224 4777 περί
1261 4697 1326 4754 τῶν
1363 4691 1400 4754 ἐν
1439 4684 1530 4773 ᾅδου

73 4792 225 4881 βιβλίον
248 4792 392 4880 (βιβῖιονια
405 4794 681 4873 Laurentianus)
705 4794 935 4881 ἐπιγραφόμενον
958 4798 988 4860 ἐν
1011 4791 1107 4881 ᾧτήν
1130 4795 1227 4882 ψυχὴν
1249 4804 1286 4880 τῇ
1312 4791 1396 4878 adela
1418 4819 1531 4879 παρυπ-
1640 4810 1643 4817 ’

73 4899 178 4987 οίρχειν
212 4895 408 4984 ἀποφαίνεται
443 4899 639 4986 (παρυπάρχω
663 4896 733 4962 αὐτὸ
757 4898 891 4985 φαίνεται
907 4900 948 4979 L)
971 4900 987 4964 ὁ
1012 4898 1104 4985 λόγος,
1127 4900 1154 4964 οί
1179 4898 1230 4985 μὲν
1253 4896 1316 4963 οὐδ’
1330 4896 1402 4962 εἶναι
1428 4899 1529 4979 (corr.

73 4999 279 5091 Wyttenb.:
304 4996 354 5064 οὖν
377 5000 475 5083 δεινοὶ)
499 5006 530 5068 τὸ
554 5004 692 5089 παράπαν
721 5001 984 5087 Ἡρακλείδου
1018 5003 1189 5089 νομίζουσιν,
1224 5004 1251 5069 οί
1285 5002 1317 5069 δὲ
1351 5003 1420 5087 πρὸς
1456 5000 1532 5067 ἀντι-
