3570 5574
839 1166 1073 1264 Vita.

281 1402 405 1516 Natus
436 1469 516 1515 sum
543 1445 626 1516 Otto
651 1448 804 1517 loannes
830 1447 980 1519 Carolus
1005 1446 1160 1517 Adolfus
1184 1443 1278 1514 Voss
1307 1447 1343 1513 in
1369 1443 1543 1532 oppidulo
1569 1445 1736 1530 Megalo-

176 1568 339 1657 politano
364 1571 421 1637 cui
444 1590 575 1639 nomen
600 1577 654 1637 est
677 1568 853 1637 Schwaan
879 1591 972 1640 anno
997 1569 1031 1637 h.
1057 1592 1083 1636 s.
1110 1574 1151 1637 73
1177 1566 1233 1635 die
1257 1572 1298 1634 30
1321 1570 1456 1635 mensis
1481 1567 1602 1635 Martii
1635 1576 1739 1653 patra

178 1690 394 1769 Christiano,
429 1699 539 1759 matre
574 1690 763 1760 Mariauna
795 1714 813 1760 6
840 1700 945 1777 gente
972 1691 1114 1771 Peclrel
1150 1713 1239 1777 quos
1272 1687 1388 1758 adhuc
1416 1711 1493 1759 esse
1525 1693 1739 1776 superstites

177 1834 391 1900 magnopere
413 1812 561 1899 gaudeo.
588 1811 690 1882 Fidei
714 1811 877 1882 addictus
902 1836 982 1883 sum
1007 1812 1241 1899 evangelicae.
1301 1812 1391 1881 Cum
1426 1834 1488 1899 per
1522 1834 1585 1880 sex
1622 1833 1739 1880 annos

179 1934 339 2005 scholam
375 1935 557 2021 publicam
596 1938 730 2022 patriae
769 1933 934 2014 adissem,
973 1957 1053 2004 vere
1091 1938 1177 2004 anni
1209 1940 1262 2015 85,
1302 1934 1486 2004 elementis
1529 1933 1739 2019 linguarum

178 2057 329 2126 Latinae
360 2057 404 2126 ab
434 2056 566 2127 Adollo
596 2057 816 2145 Lahmeyero
853 2058 996 2127 scholae
1032 2057 1245 2128 domesticae
1277 2068 1362 2127 tunc
1391 2059 1561 2143 temporis
1592 2066 1740 2135 rectore,

179 2178 333 2249 Graecae
368 2200 389 2246 a
423 2179 529 2248 fratre
563 2179 731 2259 Rudollo,
766 2179 1056 2266 Francogallicae
1085 2201 1106 2247 a
1134 2187 1235 2265 patre
1270 2180 1430 2250 imbutus
1466 2182 1502 2248 iu
1538 2177 1740 2266 discipulos

178 2304 360 2389 gymnasii
377 2300 648 2372 Gustroviensis
664 2312 825 2390 receptus
847 2324 937 2370 sum
975 2301 1194 2371 Maturitatis
1220 2304 1465 2371 testimonium
1489 2300 1640 2388 adeptus
1658 2323 1741 2369 vere

180 2426 266 2492 anni
281 2428 320 2494 91
345 2422 581 2493 Rostochium
606 2445 662 2492 me
678 2423 815 2494 contuli
839 2431 880 2492 ut
895 2422 1076 2511 stipendia
1097 2424 1254 2493 laceram.
1296 2425 1402 2494 Anno
1421 2423 1589 2494 absoluto
1607 2422 1742 2491 studiis

180 2545 410 2633 philologieis
447 2566 589 2633 operam
625 2544 773 2615 daturus
805 2545 951 2615 Almam
986 2545 1137 2615 Matrem
1170 2544 1443 2631 Gottingensem
1477 2547 1599 2633 petivi,
1635 2548 1742 2614 cuius

182 2687 246 2762 per
269 2668 459 2753 quinquies
485 2688 548 2735 sex
571 2689 711 2737 menses
735 2668 786 2744 lui
811 2671 909 2737 civis.
948 2668 1186 2738 Rostochium
1211 2690 1373 2738 reversus
1398 2673 1436 2738 in
1459 2669 1527 2736 hac
1544 2665 1743 2736 Academia

181 2797 305 2859 nostra
328 2810 389 2876 per
412 2792 481 2857 tria
504 2793 691 2859 semestria
713 2790 842 2859 litteris
866 2792 1024 2860 incubui.
1072 2790 1280 2861 Docuerunt
1302 2814 1359 2860 me
1382 2794 1450 2860 viri
1474 2788 1696 2860 doctissimi:

358 2911 560 2990 Baumann,
583 2910 741 2992 Bachtel
764 2911 925 2998 Dilthey‚
950 2910 1097 2993 Geroke,
1120 2912 1258 3000 Heyne‚
1281 2913 1365 2991 Leo,
1388 2912 1538 2991 Roethe‚
1562 2910 1605 2979 dc
1621 2908 1740 2981 Wila-

358 3031 776 3104 nrowitz-Moellendorif
786 3034 1059 3119 Gottingenses3
1082 3033 1124 3103 de
1138 3037 1276 3111 Arnim,
1290 3035 1413 3114 Bothe,
1426 3034 1569 3113 Kocrte,
1586 3033 1661 3102 Pici
1668 3034 1743 3108 1161,

360 3153 634 3229 schirrmacher.
659 3154 824 3235 Schulae,
849 3155 892 3225 de
916 3155 1017 3226 Stoin
1041 3155 1331 3226 Rostoohienses.

286 3275 391 3362 Regii
413 3276 681 3366 philologorum
704 3281 953 3366 proseminarii
983 3278 1233 3365 Gottingensis
1264 3277 1400 3348 sodalis
1432 3279 1482 3347 lui
1514 3299 1576 3365 per
1600 3288 1653 3348 ter
1676 3301 1738 3347 sex

182 3420 336 3472 menses,
359 3402 631 3469 summariorum
651 3397 900 3484 Gottingansis
918 3399 1066 3488 perduc
1084 3403 1268 3470 semestria
1292 3400 1440 3479 sodalis,
1463 3399 1739 3470 Rostochiensis

182 3541 244 3608 por
289 3520 381 3589 idem
421 3528 563 3609 tempus
599 3525 727 3591 senior.
786 3521 984 3593 Seminario
1020 3523 1192 3594 historico
1227 3522 1480 3591 Rostoohiensi
1515 3521 1741 3593 moderatore

185 3641 472 3712 Schirrmachero
496 3665 558 3732 por
580 3648 649 3714 tria
672 3649 856 3714 semestris
879 3647 1023 3714 interfui
1048 3644 1183 3715 sodalis
1208 3643 1418 3714 ordinarius.

288 3766 467 3836 Omnibus
491 3766 564 3836 illis
589 3769 675 3835 viris
700 3771 760 3853 qui
784 3788 840 3836 me
864 3767 1060 3837 docuerunt
1081 3770 1215 3854 gratias
1240 3766 1355 3836 habeo
1374 3786 1481 3853 quam
1505 3768 1683 3835 maximas
1708 3775 1743 3835 ct

184 3890 278 3975 piam
303 3908 442 3975 semper
465 3892 672 3959 memoriam
697 3890 858 3969 servabo,
883 3893 1057 3977 imprimis
1082 3898 1201 3958 autem
1221 3889 1347 3960 loanni
1365 3887 1408 3956 de
1424 3889 1551 3958 Arnim
1577 3897 1611 3958 61
1635 3889 1739 3959 Erico

184 4008 308 4090 Bethe‚
336 4031 487 4096 quorum
517 4009 578 4079 ille
607 4011 758 4080 huiusce
791 4010 954 4097 opusculi
983 4011 1151 4099 plagulas
1183 4009 1379 4095 corrigendi
1408 4009 1567 4080 laborem
1598 4033 1738 4081 mecum

184 4134 307 4218 partiri
336 4154 409 4201 non
438 4129 652 4215 dedignatus
685 4141 750 4212 est,
781 4140 928 4220 uterque
953 4156 1035 4203 vcro
1066 4136 1201 4218 insigni
1233 4132 1387 4219 quadam
1417 4132 1670 4203 benevolentia
1701 4158 1740 4204 ac

184 4252 398 4322 liberalitate
423 4252 543 4324 studia
567 4276 647 4323 mea
670 4254 843 4325 foverunt.
