3570 5574
908 398 950 461 44

200 598 284 664 πόλει
306 599 515 684 καλυφθέντος,
539 596 698 686 δισχιλίους
721 597 754 662 δὲ
778 597 857 683 παροί
880 603 937 662 τῶν
957 597 1084 684 Ἀχαιῶν
1113 598 1299 682 πεμφθέντας
1328 596 1486 663 ἀνελέσθαι
1517 596 1568 682 μέν
1592 598 1660 670 τοὺς

200 703 316 789 νεκροδς
352 703 392 787 μή
422 702 574 779 δύνασθαι,
603 706 660 774 τοῖς
688 701 714 765 δ’
741 701 857 788 ὁμόροις
888 705 985 785 νεῖμαι
1015 702 1065 772 τὴν
1095 700 1201 788 χώραν.
1258 703 1401 786 συμβῆναι
1436 700 1468 765 δὲ
1502 702 1534 764 τό
1562 701 1660 773 πάθος

200 806 275 870 κατὰ
299 812 382 890 μῆνιν
399 808 593 879 Ποσειδῶνος·
616 806 681 878 τοὺς
704 806 759 890 ηάρ
783 809 816 870 ἐκ
838 812 889 891 της
908 805 1030 890 Ἑλίκης
1054 804 1227 877 ἐκπεσόντας
1244 801 1349 878 Ἴωνας
1374 806 1462 869 αἰτεῖν
1485 806 1659 890 πέμψαντας

200 911 279 995 παρὰ
304 916 360 973 τῶν
379 909 523 976 Ἓλικέων
547 911 673 996 μάλιστα
697 909 748 994 μέν
771 911 803 973 τὸ
827 911 930 996 βρέτας
952 916 1004 974 τοῦ
1028 910 1218 982 Ποσειδῶνος,
1248 911 1272 973 εἰ
1305 909 1337 973 δὲ
1367 909 1415 994 μη,
1445 914 1496 973 τοῦ
1519 934 1553 994 γε
1576 909 1659 994 ἰερυῶ

200 1014 251 1096 τὴν
275 1012 439 1100 ἀφίδρυσιν·
462 1015 497 1080 οὐ
520 1015 629 1079 δόντων
653 1013 685 1078 δὲ
708 1014 822 1100 πέμψαι
845 1015 914 1100 πρὸς
930 1016 962 1079 τὸ
979 1015 1074 1079 κοινόν
1089 1021 1146 1078 τῶν
1160 1013 1299 1100 Ἀχαιῶν·
1323 1021 1380 1078 τῶν
1395 1013 1428 1078 δέ
1444 1014 1660 1100 ψηφισαμένων

200 1117 265 1182 οὐδ’
285 1115 323 1191 ὣς
347 1117 523 1184 ὑπακοῦσαι·
555 1126 596 1205 τῷ
615 1118 644 1182 δ’
664 1121 728 1201 ἑξῆς
751 1125 872 1204 χειμῶνι
897 1122 1039 1205 συμβῆναι
1062 1120 1094 1182 τό
1118 1119 1221 1195 πάθος,
1245 1119 1312 1190 τούς
1335 1117 1363 1182 δ’
1380 1117 1517 1205 Ἀχαιοός
1541 1114 1661 1202 ὕστερον

201 1225 301 1286 δοῦναι
324 1223 375 1306 την
398 1223 550 1310 ἀφίδρυσιν
573 1226 631 1296 τοῖς
647 1219 755 1287 Ἴωσιν.

307 1328 450 1397 Primus
487 1332 579 1398 inter
613 1332 800 1415 scriptores
836 1328 941 1398 nobis
975 1338 1080 1398 notos
1114 1327 1320 1397 Heraclides
1356 1365 1399 1373 —
1430 1349 1513 1397 nam
1547 1330 1661 1414 priori

203 1432 360 1501 Athenis
384 1437 583 1503 mansionis
607 1435 768 1519 tempori,
792 1452 872 1502 cum
907 1435 1022 1519 ipsius
1052 1432 1217 1502 Platonis
1252 1430 1443 1519 disciplina
1479 1431 1661 1508 utebatur,

203 1534 300 1604 hunc
328 1536 513 1622 dialogum
540 1536 704 1608 adscribo
730 1574 768 1580 —
794 1535 939 1607 Helicae
963 1538 1062 1607 urbis
1079 1537 1256 1606 Archelao
1280 1535 1449 1606 fluctibus
1475 1535 1660 1604 demersae

204 1643 421 1711 mentionem
445 1642 537 1710 facit.
585 1640 713 1710 Paullo
738 1651 822 1727 post
844 1664 924 1712 eum
950 1642 1162 1711 Aristoteles
1187 1640 1385 1720 (Meteorol.
1410 1641 1445 1709 ll
1468 1646 1487 1709 8
1511 1661 1544 1726 p.
1567 1645 1660 1721 366),

203 1742 373 1830 Ephorus
399 1745 536 1823 (Sanco.
555 1745 621 1828 Qu.
646 1745 688 1814 N.
706 1743 775 1812 VII
801 1751 868 1828 16),
893 1745 1132 1816 Callisthenes
1158 1744 1255 1824 (Son.
1280 1744 1303 1812 l.
1327 1744 1350 1812 l.
1369 1744 1419 1812 Vl
1442 1750 1660 1827 aspernator

202 1846 285 1915 libri
309 1847 374 1934 περὶ
398 1848 507 1934 κόσμου
532 1854 580 1937 (p.
606 1855 704 1919 396a
723 1851 785 1931 21)
810 1849 853 1919 de
877 1852 944 1920 hac
976 1849 1177 1919 calamitate
1212 1857 1369 1935 egerunt.
1428 1848 1497 1931 Qui
1534 1870 1659 1918 omnes

203 1972 331 2021 causas
355 1953 531 2024 huiusrei
549 1964 712 2024 enatura
735 1961 847 2023 terrae
871 1959 1049 2041 marisque
1074 1962 1236 2042 sumptas
1261 1953 1455 2041 protulisse
1479 1953 1659 2029 videntur,

203 2057 247 2126 ab
272 2055 458 2126 Heraclide
482 2057 624 2139 diversi,
656 2064 695 2131 cf.
722 2058 826 2131 Diod.
851 2058 922 2127 XV
939 2066 995 2130 48:
1031 2056 1095 2144 περὶ
1124 2058 1157 2122 δὲ
1185 2065 1241 2122 τῶν
1273 2057 1495 2142 συμπτωμάτων
1528 2057 1659 2142 μεγάλης

203 2154 291 2245 οόσης
317 2161 473 2246 ζητήσεως,
497 2163 524 2227 οἱ
548 2163 600 2247 μέν
622 2164 738 2252 φυσικοί
762 2169 916 2250 πειρῶνται
947 2164 998 2235 τοίς
1030 2161 1123 2242 αἰτίας
1150 2170 1207 2226 τῶν
1238 2161 1376 2226 τοιοότων
1405 2164 1508 2226 παθῶν
1539 2161 1594 2225 οὐκ
1619 2163 1659 2232 εἰς

202 2265 234 2327 τδ
270 2267 348 2329 θεῖον
376 2265 540 2353 ἀναφέρειν,
572 2267 639 2333 ἀλλ’
664 2273 704 2344 εἰς
739 2268 861 2357 φυσικάς
896 2293 972 2340 τινας
1006 2266 1055 2331 καί
1090 2267 1366 2352 κατηναγκασμένας
1399 2266 1590 2352 περιστάσεις,
1626 2266 1659 2328 οί

203 2367 231 2432 δ’
259 2367 423 2455 εὐσεβῶς
454 2372 695 2459 διακείμενοι
724 2375 818 2460 πρὸς
849 2372 896 2447 τό,
918 2375 1019 2435 δεῖον
1048 2372 1173 2444 πιθανός
1196 2397 1273 2444 τινας
1298 2370 1391 2444 αἰτίας
1414 2370 1586 2436 ἀποδιδοῦσι
1609 2375 1659 2433 τοῦ

204 2473 371 2558 συμβάντος,
395 2474 433 2548 ῶς
456 2477 503 2540 διά
528 2480 605 2542 θεῶν
630 2487 712 2565 μῆνιν
735 2477 928 2563 γεγενημένης
951 2482 1001 2560 τῆς
1025 2483 1174 2562 συμφορᾶς
1197 2480 1255 2548 τοίς
1272 2478 1311 2547 εἰς
1328 2475 1360 2538 τό
1378 2477 1456 2539 θεῖον
1472 2473 1659 2559 ἀσεβήσασιν.

204 2579 260 2648 Ex
284 2600 353 2666 quo
377 2579 491 2649 clucet
515 2605 621 2669 quam
646 2585 691 2654 ob
716 2608 787 2653 rem
811 2583 880 2651 hoc
903 2581 1140 2664 fragmentum
1173 2585 1210 2649 in
1240 2579 1383 2665 dialogo
1413 2577 1478 2664 περὶ
1509 2575 1659 2662 εὐσεβείας

203 2687 290 2770 poni
324 2684 441 2753 velim.
500 2687 591 2756 Nam
628 2709 844 2776 quamquam
881 2706 1008 2770 negare
1043 2684 1154 2755 nolim
1186 2684 1409 2754 Heraclidem
1441 2705 1585 2770 quoque
1617 2681 1659 2750 de

204 2792 322 2857 causis
358 2790 583 2860 naturalibus
619 2793 769 2862 huiusce
805 2800 953 2860 eventus
993 2811 1032 2857 ac
1070 2793 1299 2876 potissimum
1338 2789 1380 2858 de
1419 2794 1558 2857 cometa
1597 2785 1659 2855 illa

205 2892 356 2980 Delique
388 2903 499 2974 motu,
533 2901 730 2982 praesagiis
766 2896 875 2964 huius
911 2893 996 2963 mali
1029 2902 1137 2980 atqua
1161 2893 1314 2973 indiciis,
1339 2894 1381 2963 de
1406 2893 1539 2981 quibus
1564 2890 1658 2979 apud

204 2997 391 3085 Ephorum
405 2997 733 3088 Callisthenamque
749 3000 865 3080 multa
882 3005 983 3066 arant
999 2998 1093 3067 dicta
1106 2997 1197 3076 (San.
1213 2997 1278 3080 Qu.
1293 2999 1334 3066 N.
1346 2997 1397 3065 Vl
1410 3003 1460 3066 26.
1472 2996 1540 3065 VH
1553 3003 1582 3064 ι’).
1600 3001 1660 3073 16).

205 3124 403 3172 sermonem
435 3107 621 3174 instituere
652 3108 823 3193 potuisse,
855 3113 895 3172 ut
923 3103 992 3172 hoc
1024 3103 1262 3187 fragmentum
1295 3102 1479 3186 edialogo
1504 3101 1658 3188 physico

205 3207 354 3276 fluxisse
393 3207 624 3278 indicandum
661 3210 765 3279 nobis
805 3213 862 3287 sit,
901 3217 1019 3276 tamen
1055 3229 1173 3275 aarum
1215 3230 1330 3276 rerum
1367 3209 1528 3276 omnium
1565 3204 1660 3292 apud

207 3311 417 3381 Strabonem
443 3335 506 3380 nec
530 3314 613 3383 vola
645 3335 708 3382 nec
731 3317 932 3397 vestigium.
993 3311 1137 3380 Diodori
1170 3334 1252 3380 vero
1284 3320 1407 3380 auctor
1435 3308 1659 3399 Heraclidem

207 3425 289 3485 ante
325 3417 446 3486 oculos
477 3419 648 3488 habuisse
676 3419 826 3495 videtur,
856 3421 917 3504 qui
941 3417 1084 3485 Helicae
1110 3420 1291 3485 interitum
1318 3414 1363 3485 ad
1387 3415 1548 3502 Neptuni
1571 3417 1658 3484 iram

207 3520 393 3589 rettulerat
417 3523 474 3601 (διὰ
500 3525 577 3586 θεῶν
601 3528 685 3607 μῆσιν
710 3521 835 3601 Diod).

312 3626 391 3695 Non
414 3631 571 3711 genuina
595 3626 794 3697 Heraclidis
819 3628 928 3695 verba
951 3633 1101 3706 exstare,
1127 3625 1227 3693 docet
1254 3625 1401 3711 obliqua
1425 3627 1538 3693 oratio
1563 3625 1657 3709 frag-

207 3734 335 3807 menti;
360 3731 421 3799 sed
446 3754 490 3800 ne
513 3731 578 3795 κατ’
605 3731 657 3816 ἐμὲ
682 3730 824 3819 quidem
857 3729 991 3798 dixisse
1022 3738 1182 3799 nostram
1214 3737 1314 3817 puto,
1346 3752 1425 3798 cum
1456 3731 1660 3816 ceteroquin

207 3835 310 3905 nulla
332 3858 367 3905 re
391 3839 559 3923 probetur
584 3836 640 3905 vel
664 3858 746 3905 vero
772 3835 835 3902 fiat
859 3834 987 3913 simile,
1012 3835 1235 3904 Heraclidem
1270 3838 1307 3902 in
1332 3833 1486 3919 dialogis
1513 3872 1550 3880 —
1578 3855 1661 3902 nam

208 3940 374 4026 dialogus
399 3944 484 4027 quin
509 3943 615 4010 luerit
631 3939 696 4026 περὶ
710 3938 858 4024 εὐσεβείας
879 3939 979 4016 liber,
1004 3961 1076 4008 non
1101 3939 1226 4009 dubito
1241 3943 1372 4026 quippe
1387 3942 1447 4026 qui
1461 3937 1560 4026 apud
1574 3938 1660 4008 Dio·

207 4067 333 4131 genem
352 4045 394 4124 (V
408 4050 462 4129 88)
479 4049 570 4114 inter
587 4045 750 4130 diologos
765 4052 986 4112 recenseatur
1062 4068 1098 4112 sa
1112 4048 1230 4131 ipsum
1244 4043 1508 4131 colloquentem
1525 4043 1660 4112 iecisse.

209 4151 322 4221 Immo
346 4171 428 4220 vero
454 4172 497 4218 ex
520 4149 642 4221 indole
667 4148 800 4234 dialogi
824 4148 931 4236 plane
955 4153 1164 4236 apparuisse
1197 4153 1360 4235 suspicor
1382 4147 1546 4217 Helicam
1579 4152 1661 4217 vivo

208 4253 394 4324 Heraclide
428 4255 599 4325 fluctibus
635 4277 711 4323 esse
748 4254 929 4323 obrutam:
970 4256 1007 4321 in
1043 4258 1221 4340 prooemio
1262 4253 1398 4322 scilicet
1436 4252 1661 4322 Heraclidam

209 4363 326 4429 nescio
352 4363 408 4427 eui
432 4381 608 4437 narrasse,
631 4382 669 4427 sc
693 4381 840 4446 puerum
865 4361 990 4444 paucis
1015 4358 1140 4428 diebus
1171 4367 1254 4446 post
1287 4356 1528 4426 calamitatem
1562 4356 1661 4426 illarn

209 4463 428 4550 colloquium
453 4468 607 4533 virorum
633 4463 854 4551 quorundam
881 4462 1036 4541 audisse,
1064 4467 1099 4531 in
1125 4462 1302 4549 quoinde
1334 4465 1377 4532 ab
1403 4461 1550 4530 Helicae
1576 4464 1660 4531 sub-

210 4573 384 4638 mersione
419 4572 536 4639 exorsi
574 4569 616 4637 de
654 4572 786 4656 pietate
825 4591 1023 4637 sermonem
1069 4568 1291 4638 habuissent.
1361 4567 1479 4637 Simili
1518 4565 1662 4637 fictione

211 4677 323 4743 utitur
353 4673 472 4742 Cicero
497 4673 539 4741 de
564 4695 633 4760 rep.
658 4674 674 4740 l
700 4680 750 4751 13,
775 4672 817 4740 de
842 4681 928 4741 orat.
953 4673 970 4739 l
993 4678 1055 4751 23,·
1078 4672 1121 4741 de
1152 4694 1222 4759 quc
1252 4671 1451 4741 Heraclidis
1483 4674 1660 4741 imitatore

210 4801 319 4867 supra
342 4780 450 4848 verba
472 4779 629 4847 fecimus.
1452 4786 1457 4797 ’
