3570 5574
782 406 825 474 59

327 615 399 678 τοῖσι
422 612 532 698 λάμπει
554 612 606 698 μέν
630 614 714 698 μένος
737 611 838 677 ἀελίου
860 613 912 677 τάν
936 612 1044 677 ένθσίδε
1066 611 1155 678 νύκτα
1177 613 1267 687 κάτω,
1301 625 1303 629 ’

326 716 535 805 φοινικορόδοις
558 716 600 782 ἑνί
623 716 803 803 λειμώνεσσι,

326 820 375 887 καί
398 825 485 886 τοῖσιν
508 819 649 906 ἀκάρπων
672 821 724 906 μέν
747 821 880 907 ἀνθηρῶν

329 924 378 990 καί
401 924 526 991 συσκίων
549 927 674 1013 δένδρων
696 920 799 990 ἄνθεσι
821 925 944 1007 τεθηλὸς

326 1030 527 1099 ἀναπέπταται
550 1027 649 1094 πεδίον
664 1031 689 1109 ¹)

71 1149 123 1215 καί
158 1150 285 1237 ποταμοί
319 1177 392 1226 τινες
425 1147 562 1218 ἀκλυστοι
593 1149 642 1215 καί
675 1154 747 1215 λεῖοι
776 1150 949 1237 διαρρέουσι,
980 1147 1029 1213 καί
1053 1149 1201 1236 διατριβάς
1230 1146 1348 1235 ἔχουσιν
1378 1151 1408 1213 έν
1443 1145 1527 1227 (del.

72 1255 269 1337 Herwerd.)
302 1256 427 1342 μνήμαις
450 1255 499 1321 καὶ
523 1257 619 1340 λόγοις
642 1262 696 1319 τῶν
718 1255 879 1340 γεγονότων
902 1252 950 1319 καί
974 1249 1064 1318 όντων
1087 1253 1330 1339 παραπέμποντες
1353 1249 1458 1323 αύτοῦς
1479 1248 1529 1314 καὶ

75 1359 208 1433 συνόντες
230 1410 328 1425 ·····
353 1362 537 1439 (lacunam
568 1360 686 1447 signis.
713 1361 896 1430 Duebner:
933 1358 1066 1428 excidit
1094 1358 1195 1427 locus
1226 1355 1268 1426 de
1299 1356 1413 1425 altera
1443 1358 1528 1436 via.)

73 1464 95 1548 ή
120 1464 154 1529 δὲ
176 1463 255 1551 τρίτη
278 1470 333 1528 τιῦν
356 1463 479 1538 ἀνοσίως
509 1465 694 1552 βεβιωκότων
724 1462 773 1528 καί
805 1462 982 1550 παρανόμων
1012 1461 1079 1534 ὁδός
1108 1463 1191 1537 ἐστιν,
1223 1462 1263 1534 είς
1294 1459 1394 1547 ἔρεβός
1424 1485 1450 1524 τι
1480 1457 1529 1524 καί

74 1568 227 1655 βάραθρον
250 1568 371 1634 ὠθοῦσα
394 1569 445 1642 τάς
468 1568 573 1656 ψυχάς,

408 1690 492 1756 ἔνθεν
514 1691 563 1755 τὸν
586 1686 705 1776 ἀπειρον
728 1689 894 1775 ἐρεύγονται
910 1687 1011 1754 σκότον

413 1791 536 1881 βληχροὶ
560 1798 701 1880 δνοφερᾶς
723 1793 823 1866 νυκτδς
845 1791 979 1878 ποταμοί,

70 1914 231 2002 δεχόμενοι
253 1913 302 1980 καὶ
325 1914 556 2003 ἀποκρύπτοντες
579 1913 682 2000 ἀγνοίᾳ
704 1912 753 1979 καὶ
777 1915 856 2001 λήθη
879 1915 945 1988 τοῦς
969 1914 1188 1999 κολαζομένους.
1233 1911 1267 1978 ού
1288 1913 1344 1999 γάρ
1360 1909 1427 1977 ούτε
1441 1916 1530 1996 γῦπες

69 2019 215 2104 κειμένων
238 2022 269 2084 ἐν
290 2026 329 2106 γῇ
350 2026 408 2084 τῶν
431 2026 564 2106 πονηρῶν
587 2018 730 2107 κείρουσιν
745 2016 792 2085 ἀεί
809 2020 842 2083 τῦ
858 2015 951 2107 ἧπαρ·
974 2019 1190 2083 κατακέκαυται
1205 2018 1261 2105 γάρ
1277 2015 1297 2103 ή
1312 2016 1530 2101 κατασέσηπεν·

70 2119 143 2188 οὔτε
165 2124 363 2204 (Bernard.:
387 2123 467 2203 ούδὲ)
490 2126 586 2211 βαρῶν
608 2149 692 2188 τινων
715 2122 898 2211 ἀχθοφορίαι
916 2122 1048 2210 θλίβουσι
1071 2121 1121 2187 καί
1137 2128 1332 2188 καταπονοῦσι
1355 2123 1390 2186 τά
1407 2119 1529 2206 σώματα

69 2234 133 2292 τῶν
154 2229 373 2313 κολαζομένων·

407 2331 441 2398 ού
465 2334 522 2419 γάρ
545 2331 587 2398 ἔτι
609 2331 718 2418 σάρκας
741 2356 772 2396 τε
795 2331 844 2397 καί
868 2331 954 2396 ὀστέα
975 2331 1033 2405 ἶνες
1057 2331 1181 2420 ἔχουσιν.

68 2451 141 2520 οὐδ’
160 2453 235 2519 ἔστιν
258 2453 426 2540 ὑπόλειμμα
450 2455 583 2540 σώματος
605 2456 663 2526 τοῖς
686 2453 841 2538 τεθνηκόσι
862 2454 1001 2540 τιμωρίας
1025 2453 1171 2540 ἀπέρεισιν
1201 2451 1419 2541 (wyttenb.:
1443 2451 1529 2539 αἵπερ

70 2555 159 2638 εἰσὶν)
194 2556 347 2623 ἀντιτύπου
382 2559 521 2633 δέξασθαι
555 2557 728 2644 δυνάμενον·
763 2557 825 2623 ἀλλ’
851 2559 882 2623 ἓν
911 2557 1101 2645 κολαστήριον
1130 2558 1171 2631 ῶς
1198 2557 1320 2643 ἀληθῶς
1350 2562 1407 2621 τῶν
1430 2563 1530 2629 κακῶς

70 2661 254 2748 βιωσάντων,
277 2661 378 2738 ἀδοξία
402 2661 451 2728 καί
474 2661 577 2748 ἀγνοια
600 2661 648 2728 καὶ
671 2665 822 2736 παντελῶς
845 2661 1017 2750 ἀφανισμός,
1040 2659 1071 2736 ὃς
1101 2662 1198 2744 (add.
1224 2662 1409 2746 Bernard.)
1441 2660 1530 2749 αίρων

72 2767 117 2840 εἰς
140 2766 189 2831 τδν
212 2765 318 2852 ἀμειδη
341 2769 471 2849 ποταμόν
495 2766 553 2832 ἀπὸ
577 2774 628 2852 τῆς
651 2768 746 2853 λήθης
769 2766 970 2841 καταποντίζει
994 2768 1035 2840 είς
1051 2764 1176 2854 ἀβυσσον
1198 2765 1246 2831 καί
1263 2765 1373 2854 ἀχανὲς
1396 2766 1530 2852 πέλαγος,

70 2870 237 2960 ἀχρηστίαν
254 2869 301 2936 καί
318 2869 460 2958 ἀπραξίαν
476 2869 524 2936 καί
540 2878 636 2936 πᾶσαν
652 2868 770 2957 ἀγνοιαν
786 2870 834 2937 καί
851 2871 969 2946 ἀδοξίαν
985 2870 1239 2958 συνεφελκόμενον.
1284 2872 1325 2940 es.
1341 2871 1531 2952 Dieterich‚

71 2974 222 3064 Nekyia
243 2999 277 3065 p.
297 2983 359 3047 119
382 2999 470 3065 sqq„
494 2981 545 3046 91.

285 3133 326 3202 ef.
351 3132 447 3204 Plut.
473 3131 617 3203 Consol.
643 3132 687 3202 ad
712 3133 834 3222 Apoll.
859 3139 917 3204 34:

182 3255 207 3319 εί
231 3252 293 3320 δ’ὁ
317 3255 373 3318 τῶν
396 3259 529 3319 παλαιῶν
552 3260 679 3339 ποιητῶν
701 3279 733 3319 τε
755 3259 804 3319 καί
820 3254 989 3342 φιλοσόφων
1005 3253 1089 3340 λόγος
1105 3252 1179 3319 ἐστίν
1195 3253 1319 3339 ἀληθής,
1342 3251 1438 3341 ὥσπερ
1455 3255 1531 3327 εἰκὸς

72 3361 170 3448 ἔχειν,
192 3356 269 3425 ούτω
292 3356 342 3423 καί
364 3361 422 3431 τοῖς
446 3357 578 3444 εὐσεβέσι
599 3365 657 3423 τῶν
680 3359 920 3444 μεταλλαξάντων
944 3359 1004 3424 ἔστι
1019 3384 1060 3432 τις
1076 3360 1144 3446 τιμή
1159 3357 1208 3424 καί
1224 3358 1371 3446 προεδρία,
1395 3359 1531 3446 καθάπερ

72 3465 193 3549 λέγεται
226 3462 275 3529 καί
309 3462 406 3550 χῶρός
440 3487 481 3535 τις
514 3461 745 3548 ἀποτεταγμένος
778 3466 809 3528 έν
843 3459 868 3549 ᾧ
897 3464 1088 3550 διατρίβουσιν
1120 3464 1150 3528 αί
1173 3463 1282 3528 τούτων
1305 3462 1406 3551 ψυχαί,
1438 3464 1531 3536 καλάς

71 3566 197 3640 ἐλπίδας
219 3567 299 3655 ἔχειν
322 3591 355 3631 σε
378 3569 424 3630 δεῖ
444 3572 504 3630 κτλ

286 3721 472 3793 Iamblieh.
498 3721 593 3810 apud
619 3722 718 3795 Stob.
744 3723 820 3793 flor.
845 3746 878 3811 p.
904 3730 967 3793 378
990 3723 1191 3795 Waohsm.:

182 3841 269 3929 (άλλη
292 3842 319 3908 δ’
339 3843 447 3931 αἵρεσις
469 3850 526 3908 τῶν
544 3845 750 3923 Πλατωνικῶν)
772 3845 911 3931 τιθεμένη
938 3845 988 3929 [δὲ]
1015 3847 1066 3930 τήν
1089 3847 1186 3935 ψυχήν
1209 3845 1257 3910 ἀεὶ
1273 3845 1348 3911 εἶναι
1362 3848 1392 3911 έν
1408 3844 1530 3931 σώματι,
1550 3861 1600 3933 44

72 3947 173 4036 ὥςπερ
196 3948 460 4035 ἡἘρατσσθένους
474 3946 526 4013 καί
542 3948 725 4034 Πτολεμαίου
740 3956 791 4014 τοῦ
809 3951 999 4015 Πλατωνικοῦ
1014 3949 1064 4015 καί
1080 3946 1186 4027 ἀλλων,
1206 3948 1265 4015 ἀπὸ
1282 3950 1425 4034 σωμάτων
1442 3948 1532 4035 αύτήν

74 4055 257 4141 λεπτοτέρων
274 4054 314 4126 είς
329 4054 364 4118 τά
381 4052 529 4138 ύστρεῶδη
545 4052 632 4117 πάλιν
648 4052 792 4127 είςοικίζει
808 4055 943 4140 σώματα·
960 4053 1115 4141 διατρίβειν
1131 4053 1182 4139 μέν
1198 4054 1254 4140 γάρ
1271 4053 1361 4138 αύτήν
1374 4055 1414 4128 είς
1431 4053 1532 4141 μοῖράν

73 4183 141 4225 τινα
163 4166 214 4225 τοῦ
237 4159 388 4241 αἰσθητοῦ,
411 4156 554 4241 καθήκειν
576 4183 609 4242 γε
625 4158 682 4243 μήν
698 4160 738 4231 είς
754 4160 786 4223 τδ
803 4160 919 4245 στερεῶν
942 4165 1027 4244 σῶμα
1050 4154 1155 4224 ἀλλοτε
1178 4156 1226 4223 ἀπ’
1240 4152 1339 4223 ἀλλων
1355 4163 1405 4222 τοῦ
1427 4157 1533 4231 παντὸς

73 4262 182 4328 τόπων.
215 4260 264 4327 καὶ
287 4260 405 4333 τούτους
423 4260 685 4347 Ἡρακλείδην
708 4262 760 4347 μέν
782 4264 843 4327 τὸν
869 4264 1049 4328 Ποντικὸν
1072 4261 1220 4349 ἀφορίζειν
1236 4261 1301 4349 περὶ
1318 4262 1370 4346 τήν
1384 4260 1532 4346 γαλαξίαν,

74 4364 186 4440 ἀλλους
208 4366 240 4431 δέ
263 4363 335 4430 καθ’
356 4361 426 4437 δλας
448 4370 499 4429 τοῦ
522 4363 646 4451 ούρανοῦ
670 4365 802 4452 σφαίρας,
833 4365 887 4452 ἀφ’
905 4363 946 4430 ὧν
969 4368 1006 4451 δή
1029 4370 1114 4452 δεῦρο
1137 4367 1267 4432 κατιέναι
1289 4367 1341 4438 τὰς
1364 4365 1469 4452 ψυχάς.

286 4520 479 4609 Philopon.
498 4523 536 4589 in
552 4520 709 4609 Metaph.
728 4543 760 4610 p.
782 4523 872 4592 104b
899 4522 954 4599 (σί.
974 4521 1063 4593 Lob.
1081 4521 1260 4610 Aglaoph.
1278 4544 1310 4611 p.
1329 4527 1427 4603 935):

183 4642 199 4706 δ
223 4642 390 4728 Δαμάσκιος
419 4643 470 4727 τήν
491 4640 707 4727 Ἐμπεδοτίμου
737 4642 801 4729 περί
824 4650 875 4708 τοῦ
898 4644 1042 4730 γάλακτος
1072 4645 1239 4711 οἰκειοῦται.
1272 4643 1355 4731 ἔργον
1383 4641 1474 4727 αύτήν
1497 4642 1532 4708 ού
1551 4650 1600 4721 45

76 4752 172 4832 μῦθον
194 4752 305 4812 καλῶν·
328 4747 399 4834 φησί
422 4748 477 4833 γάρ
501 4748 607 4819 ἐκεῖνος
631 4747 698 4811 ὁδόν
723 4747 795 4812 εἶναι
819 4755 918 4837 ψυχῶν
940 4749 972 4814 τὸ
988 4749 1064 4835 γάλα
1087 4755 1144 4812 τῶν
1167 4750 1216 4813 τὸν
1232 4745 1306 4834 ᾅδην
1330 4748 1450 4828 (hoba
1475 4752 1532 4810 τῶν

76 4881 132 4889 -..ω
139 4882 193 4888 .--
199 4881 269 4889 ...—
278 4882 389 4888 ——...

186 4941 205 5007 ¹)
232 4936 325 4993 ἐνθάδε
352 4937 431 4996 Plut.
456 4937 566 4995 consol.
585 4939 621 4996 ad
648 4937 744 5009 Apoll.
763 4943 813 4995 35:
842 4939 973 5005 ἐνθένδε;Ι
988 4937 1123 5011 εὐκάρπων
1148 4942 1194 5009 μὲν
1224 4933 1343 5011 άνδήρων
1373 4934 1532 5004 Ruhnken,

77 5021 218 5098 εόκάρπων
237 5028 283 5097 μέν
305 5021 411 5098 ἀθήρων
430 5023 543 5093 Bergk3
564 5026 674 5078 συσκίων
693 5023 855 5091 Ruhnken,
875 5021 984 5078 ιύσκίων
1004 5022 1117 5091 Bergk:
1136 5028 1256 5079 σκυθίων.
