3570 5574
827 399 845 465 ’ί

105 604 265 690 κυριώτατα
301 601 349 669 καί
386 605 505 689 μέγιστα
539 609 596 668 τῶν
633 608 763 690 φυσικῶν
792 601 1044 688 ὑπεναντιούμενοι
1078 608 1118 689 τῷ
1150 601 1286 668 Πλάτωνι
1320 599 1369 667 καί
1400 601 1563 690 μαχόμενοι

111 714 294 790 διατελοῦσι;
317 705 367 773 καὶ
391 708 447 794 μῆν
470 713 526 772 τῶν
549 702 678 772 όλλων
700 712 932 793 περιπατητικῶν
955 706 971 773 6
994 707 1222 795 κορυφαιότατος
1244 707 1380 794 Στράτων
1403 713 1462 774 κτλ

214 819 263 883 16.
310 813 406 883 Plut.
443 834 516 882 non
549 832 658 900 posse
692 833 792 881 suav.
816 816 886 884 viv.
914 817 971 882 12:
1008 810 1261 898 -μεμαθηκόσιν,
1296 812 1322 877 εἰ
1357 811 1447 898 μηδὲν
1480 808 1563 889 ἄλλο,

106 917 229 1005 γράφειν
274 915 339 1004 περὶ
373 916 505 1004 Ὁμήρου
551 913 600 981 καὶ
644 914 710 1003 περί
751 915 921 1004 Εὐριπίδου,
967 916 1006 990 ῶς
1041 915 1238 1004 Ἀριστοτέλης
1283 914 1331 981 καί
1365 916 1564 1004 Ἡρακλείδης

107 1021 157 1088 καὶ
188 1021 374 1111 Δικαίαρχος.

214 1133 262 1197 1‘1.
308 1127 423 1199 Proel.
448 1129 486 1196 in
510 1125 600 1195 Plat.
626 1125 714 1196 Tim.
736 1131 778 1196 28
792 1127 836 1196 O:
861 1124 942 1212 εἴπερ
965 1126 1020 1212 γάρ
1042 1151 1083 1199 τις
1106 1122 1203 1203 ἄλλος,
1226 1124 1276 1191 καὶ
1299 1133 1426 1210 ποιητῶν
1448 1121 1563 1212 ἄριστος

107 1233 205 1318 κριτῆς
228 1231 243 1296 6
268 1231 401 1309 Πλάτων,
424 1229 463 1304 ῶς
484 1227 534 1296 καί
562 1233 698 1315 Λογγῖνος
721 1228 895 1314 συνίστησιν·
924 1229 1125 1317 Ἡρακλείδης
1154 1236 1222 1315 γοῦν
1252 1230 1268 1295 6
1300 1231 1438 1304 Ποντικός
1467 1257 1563 1318 φησιν,

107 1335 151 1404 ότι
181 1343 238 1401 τῶν
268 1335 409 1423 Χοιρίλου
439 1334 505 1400 τότε
528 1334 756 1421 εὐδοκιμούντων
781 1335 905 1400 Πλάτων
927 1335 963 1400 τοὶ
984 1334 1159 1423 Ἀντιμάχου
1190 1333 1368 1421 προύτίμησε
1398 1335 1448 1402 καί
1476 1335 1563 1403 αὐτὸν

108 1442 207 1507 ἔπεισε
236 1442 284 1506 τόν
310 1439 514 1527 Ἡρακλείδην
544 1441 584 1513 εἰς
612 1439 779 1526 Κολοφῶνα
810 1439 934 1505 ἐλθόντα
965 1442 1000 1507 τὰ
1031 1440 1182 1526 ποιήματα
1213 1440 1346 1514 συλλέξαι
1369 1448 1420 1508 τοῦ
1442 1441 1563 1529 ἀνδρός·

110 1547 203 1632 μάτην
237 1541 288 1612 οὐν
321 1551 505 1632 φληναφοῦσι
542 1543 735 1633 Καλλίμαχος
769 1543 818 1609 καί
853 1547 955 1633 Δοῦρις
993 1544 1031 1618 ῶς
1067 1544 1223 1618 Πλάτωνος
1260 1544 1313 1611 οὐκ
1347 1542 1426 1620 ὄντος
1464 1547 1564 1613 ἱκανοῦ

111 1653 215 1737 κρίνειν
237 1649 368 1735 ποιητάς.

218 1762 263 1826 18.
312 1752 437 1843 Simpl.
464 1759 499 1824 in
524 1757 583 1824 Ar.
601 1754 712 1842 Phys.
730 1755 818 1825 1114
842 1760 891 1842 (p.
910 1756 1004 1824 2026
1028 1760 1104 1837 366
1123 1777 1166 1802 ·-
1195 1752 1294 1841 ἔλεγεν
1318 1756 1403 1835 (scil.
1429 1757 1563 1833 Πλάτων)

110 1864 220 1935 ἐντοῖς
243 1858 307 1948 περὶ
331 1859 463 1945 τάγαθοῦ
487 1859 591 1952 λόγοις,
615 1858 652 1932 ῶς
673 1858 869 1946 Ἀριστοτέλης
892 1856 1153 1945 καὶίΗρακλείδης
1176 1858 1385 1934 καὶἩστιαῖος
1408 1859 1458 1925 καί
1481 1856 1564 1926 ἄλλοι

110 1972 160 2030 τοῦ
186 1963 342 2038 Πλάτωνος
365 1966 474 2051 ἑταῖροι
497 1963 727 2050 παραγενόμενοι
750 1961 949 2050 άνεγρόψαντο
972 1964 1008 2028 τὰ
1032 1964 1159 2050 ῥηθέντα
1181 1970 1240 2030 κτλ

216 2069 257 2138 of.
290 2067 415 2157 Simpl.
448 2067 470 2137 l.
495 2068 517 2138 l.
549 2069 609 2137 14
641 2070 689 2157 (p.
718 2073 808 2138 18‘1a
838 2073 912 2151 12):
947 2105 990 2114 —
1023 2067 1063 2141 ὡς
1097 2066 1146 2133 καὶ
1181 2072 1211 2134 ἐν
1244 2073 1301 2143 τοῖς
1333 2068 1399 2157 περὶ
1432 2069 1565 2155 τάγαθοῦ

107 2173 303 2260 Ἀριστοτέλης
320 2171 501 2259 μνημονεύει.
535 2171 620 2256 λάβοι
643 2172 676 2237 δὲ
699 2167 735 2237 άν
757 2197 798 2244 τις
821 2170 870 2236 καὶ
893 2173 972 2258 παροὶ
989 2171 1175 2238 Σπευσίππου
1198 2171 1247 2238 καὶ
1270 2174 1349 2260 παραὶ
1370 2174 1565 2260 Ξενοκράτους

109 2276 234 2343 καὶτῶν
257 2273 364 2355 ἄλλων,
395 2277 423 2342 οἳ
445 2277 635 2364 παρεγένοντο
658 2280 689 2341 ἐν
711 2282 748 2363 τῆ
770 2275 835 2364 περί
858 2275 990 2361 τάγαθοῦ
1015 2276 1171 2351 Πλάτωνος
1194 2276 1347 2366 ἀκροάσει·
1382 2278 1486 2352 πάντες
1509 2281 1565 2366 γάρ

112 2384 293 2469 συνέγραψαν
308 2380 357 2448 καί
373 2381 547 2446 διεσώσαντο
563 2381 614 2466 τῆν
630 2380 716 2456 δόξαν
730 2380 827 2447 αὐτοῦ.
862 2382 903 2451 of.
919 2384 1074 2452 Aristox.
1089 2381 1209 2453 Harm.
1224 2384 1337 2454 Elem.
1350 2384 1439 2454 1130
1456 2384 1562 2456 Meib.
1661 2395 1662 2399 ’

218 2487 302 2572 [la]
352 2485 450 2556 Suid.
465 2508 491 2554 S.
506 2484 691 2572 ν.Ἡρακλ.;
716 2485 933 2572 ἐκδημήσαντος
949 2485 982 2550 δὲ
1000 2485 1155 2560 Πλάτωνος
1179 2489 1219 2561 είς
1236 2486 1370 2554 Σικελίαν
1390 2488 1564 2575 προεστάναι

109 2598 159 2676 τῆς
183 2597 292 2679 σχολῆς
316 2588 495 2676 κατελείφθη
519 2588 563 2654 ὑπ’
579 2588 679 2655 αὐτοῦ.

218 2696 303 2782 [20]
352 2695 416 2763 DL
441 2693 475 2759 V
490 2700 550 2766 89:
583 2698 665 2760 δοκεῖ
685 2695 718 2760 δέ
741 2693 790 2760 καί
813 2696 864 2779 τῆν
887 2693 1012 2781 πατρίδα
1040 2697 1267 2781 τυραννουμένην
1296 2700 1495 2784 ἐλευθερῶσαι
1517 2699 1565 2764 τὸν

110 2800 257 2887 μόναρχον
280 2797 399 2875 κτείνας,
423 2796 463 2873 ῶς
487 2825 558 2885 φησι
581 2800 746 2886 Δημήτριος
769 2798 784 2863 6
811 2799 931 2884 Μάγνης
955 2802 984 2864 ἐν
1007 2799 1181 2885 ὁμωνύμοις.

217 2905 303 2990 121]
352 2906 482 2975 Athen.
507 2904 558 2974 IV
578 2907 688 2975 134b:
724 2903 892 2990 Ἀντιφάνης
922 2908 951 2970 ἐν
976 2903 1087 2991 Καρσὶν
1116 2906 1190 2970 κατὰ
1214 2906 1245 2969 τῦ
1267 2904 1393 2971 Ἀττικὸν
1424 2909 1491 2982 ἔθος
1513 2917 1565 2994 τῆς

110 3008 262 3097 ὀρχήσεως
285 3012 424 3095 κωμῳδεῖ
445 3034 506 3072 τινα
530 3014 586 3072 τῶν
610 3016 704 3095 σοφῶν
727 3007 768 3081 ῶς
790 3009 869 3096 παραὶ
893 3012 1006 3074 δεῖπνον
1030 3009 1216 3096 ὀρχούμενον,
1240 3011 1333 3094 λέγων
1356 3009 1462 3086 οότως·

783 3112 840 3201 οὐχ
862 3112 932 3200 όρῆις
954 3111 1133 3201 ὀρχούμενον

473 3222 534 3291 ταῖς
557 3217 639 3306 χερσί
662 3219 710 3282 τὸν
734 3218 877 3304 βάκηλον;
901 3216 965 3283 οὐδ’
981 3217 1150 3306 αἰσχύνεται

473 3321 488 3386 6
512 3323 560 3387 τὸν
579 3321 774 3411 Ἡράκλειτον
797 3328 883 3387 πᾶσιν
906 3323 1105 3408 ἐξηγούμενος,

474 3427 489 3490 6
512 3428 564 3512 τῆν
587 3428 747 3493 θεοδέκτου
771 3427 856 3512 μόνος
880 3426 1045 3514 όνευρηκῶς
1068 3428 1181 3514 τέχνην,

476 3529 491 3594 6
516 3532 550 3595 τοί
574 3532 723 3619 κεφάλαια
746 3530 919 3618 συγγράφων
945 3529 1094 3618 Εὐριπίδη.

216 3640 266 3704 22.
314 3635 389 3705 Ind.
416 3636 525 3705 Acad.
550 3636 691 3707 Hercul.
710 3637 795 3706 VI5
828 3639 872 3707 ab
897 3641 985 3706 imo:
1018 3637 1210 3724 κατέστρεψέν
1238 3634 1260 3699 τ’
1290 3642 1346 3715 (sc.
1372 3635 1567 3716 Σπεύσιππος)

112 3739 163 3822 ἔτη
192 3740 349 3826 κατασχὼν
380 3739 455 3804 ὐκτῶ
482 3740 530 3804 τὸν
562 3741 745 3827 περίπατον·
766 3743 792 3806 οἱ
822 3740 854 3805 δέ
877 3739 1020 3806 νεανίσκοι
1049 3739 1310 3828 ψηφοφορήσαντες
1333 3789 1362 3805 ..
1385 3740 1566 3827 Ξενοκράτην

112 3842 221 3908 εἴλοντο
253 3892 259 3906 .
283 3842 522 3929 ,Ἀριστοτέλους
557 3845 608 3931 μὲν
643 3844 900 3931 άποδεδημηκότος
934 3846 974 3918 εἰς
1011 3844 1210 3921 Μακεδονίαν,
1246 3844 1421 3930 Μενεδήμου
1453 3844 1485 3909 δὲ
1516 3852 1566 3910 τοῦ

113 3946 259 4034 Πυρραίου
291 3947 340 4014 καὶ
358 3949 557 4037 Ἡρακλείδου
585 3955 635 4014 τοῦ
655 3948 864 4035 Ἡρακλεώτου
896 3947 961 4036 παρ’
979 3947 1078 4034 ὀλίγας
1102 3948 1216 4035 ψήφους
1239 3947 1430 4034 ἡττηθέντων.
1475 3948 1490 4013 6
1516 3947 1567 4034 μὲν

112 4047 161 4116 οὐν
181 4050 380 4138 Ἡρακλείδης
403 4054 514 4141 ἀπῆρεν
538 4055 578 4128 εἰς
600 4055 648 4119 τὸν
673 4054 781 4118 Πόντον
1045 4055 1142 4140 ἕτερον
1165 4051 1322 4140 περίπατον
1345 4049 1394 4117 καὶ
1418 4054 1566 4139 διατριβήν

114 4155 324 4242 κατεστήσατο·
348 4158 374 4221 οἱ
398 4156 426 4222 δ’
450 4156 655 4243 Ἀκαδημεϊκοί
670 4156 820 4244 φαίνονται
836 4160 986 4244 προκρῖναι
1008 4157 1055 4221 τδν
1071 4155 1254 4243 Ξενοκράτην
1277 4155 1452 4242 ἀγασθέντες
1477 4155 1566 4223 αὐτοῦ

111 4261 162 4346 τήν
185 4286 217 4325 τε
240 4264 474 4348 σωφροσύνην..
492 4313 521 4326 ..

215 4370 266 4436 23.
314 4367 378 4436 DL
403 4368 418 4432 I
445 4373 522 4437 107:
559 4365 724 4452 Εὐθύφρων
756 4365 783 4430 δ’
808 4364 1042 4452 ὁἩρακλείδου
1076 4371 1127 4431 τοῦ
1164 4365 1303 4431 Ποντικοῦ
1338 4366 1441 4452 Κρῆτά
1478 4392 1565 4454 φησιν

112 4471 185 4534 εἶναι
209 4474 265 4551 (sc.
290 4471 338 4536 τόν
362 4472 513 4552 Μύσωνα).
556 4469 676 4537 Ἠτείαν
699 4473 754 4557 γὰρ
777 4469 860 4535 πόλιν
883 4470 957 4535 εἶναι
982 4471 1107 4557 Κρήτης.

217 4580 267 4644 24.
315 4575 379 4644 DL
399 4575 465 4646 VII
490 4580 568 4646 166:
592 4570 627 4658 ἧν
650 4574 683 4641 δὲ
706 4580 763 4656 (sc.
781 4574 929 4648 Διονύσιος
952 4574 1206 4661 ὁΜεταθέμενος)
1229 4578 1297 4648 παῖς
1320 4574 1372 4661 μέν
1388 4575 1566 4661 θεοφάντου,

112 4679 227 4752 πόλεως
250 4679 280 4744 δ’
295 4679 490 4767 Ἡρακλείας·
521 4675 628 4764 ἤκουσε
651 4679 692 4757 δέ,
716 4678 796 4744 καθά
819 4704 892 4764 φησι
915 4681 1047 4764 Διοκλῆς,
1078 4686 1189 4766 πρῶτον
1218 4678 1270 4764 μὲν
1289 4677 1487 4766 Ἡρακλείδου
1517 4685 1568 4745 τοῦ

112 4782 239 4861 πολίτου,
264 4783 356 4849 ἔπειτ’
380 4783 521 4858 Ἀλεξίνου
544 4784 593 4848 καὶ
619 4783 803 4869 Μενεδήμου,
826 4786 991 4848 τελευταῖον
1014 4783 1047 4848 δὲ
1069 4783 1213 4869 Ζήνωνος.

183 4974 188 4983 ι
217 4889 515 4960 Percensentibus
540 4891 645 4960 nobis
680 4888 774 4957 hanc
808 4892 1095 4959 testimoniorum
1125 4892 1250 4960 seriem
1284 4888 1386 4958 facile
1410 4898 1567 4975 apparet,

115 5015 227 5063 unum
250 5001 391 5064 tantum
414 5002 554 5064 exstare
577 4998 669 5064 inter
693 4997 815 5064 omnia
838 4993 933 5081 quod
960 5002 1088 5063 certam
1121 4996 1227 5064 nobis
1260 5014 1386 5062 ansam
1423 4994 1568 5082 praebet
