3570 5574
852 414 873 478 6

238 624 267 686 3.
316 617 379 685 DL
396 616 429 682 V
446 622 505 686 86:
529 611 612 688 οὖτος
636 615 738 699 ἐσθῆτί
761 640 793 680 τε
825 622 945 702 μυλοικγ·Ι
976 618 1084 703 ὲχρητο
1114 613 1161 679 καί
1195 614 1352 703 ὑπέρογκος
1381 610 1416 700 ήν
1442 617 1474 680 τι)
1498 621 1595 701 σῶμα,

137 714 212 784 ὥστε
235 717 322 784 αὐτὸν
346 718 402 784 ὑπὸ
424 724 481 783 τῶν
501 718 636 785 Ἀττικῶν
666 744 707 804 μη
737 719 875 784 Ποντικὸν
905 718 982 784 ἀλλά
1016 720 1166 806 Πομπικὸν
1194 722 1359 796 καλεῖσθαι,
1389 718 1481 805 πρᾶός
1503 743 1535 783 τε
1557 713 1596 802 ἧν

134 824 167 887 τδ
190 823 318 909 βάδισμα
335 823 471 909 (βλέμμα
494 827 583 893 coni.
611 823 734 904 Cobet)
758 822 806 888 καὶ
831 823 941 909 σεμνός·

241 935 270 997 4.
310 927 405 997 Plut.
425 926 639 997 οωυ111.22;
662 933 714 993 τοῦ
738 928 834 1013 μέντοι
856 927 970 1002 πάθους
995 929 1087 1010 (scil.
1112 927 1238 1017 proelii
1262 927 1307 996 ad
1330 926 1467 997 Alliam
1491 949 1591 997 oom-

145 1034 265 1114 missi)
290 1029 338 1096 καί
361 1037 412 1116 τῆς
434 1030 576 1104 ἁλώσεως
599 1030 693 1096 ἔοικεν
720 1031 835 1120 ἀμυδρά
864 1058 905 1106 τις
934 1031 1023 1107 εθθθς
1055 1034 1095 1106 είς
1117 1033 1169 1117 τήν
1188 1030 1324 1098 Ἑλλάδα
1352 1031 1437 1117 φήμη
1468 1033 1597 1097 διελθεῖν

131 1132 330 1222 Ἡρακλείδης
352 1135 408 1222 γάρ
431 1134 447 1199 ὁ
469 1135 616 1214 Ποντικός,
641 1134 676 1202 orl
699 1137 774 1202 πολύ
796 1144 853 1201 τῶν
876 1137 990 1225 χρόνων
1013 1136 1131 1202 ἐκείνων
1155 1135 1394 1220 ἀπολειπόμενος,
1418 1137 1448 1200 έν
1468 1141 1509 1222 τῷ
1528 1134 1597 1222 περὶ

136 1245 233 1326 ψυχῆς
255 1239 456 1326 συγγράμματί
479 1265 568 1327 φησιν
589 1238 648 1305 ἀπὸ
677 1246 727 1325 τῆς
756 1241 879 1328 ἑσπέρας
917 1241 1001 1325 λόγον
1032 1243 1190 1329 κατασχεῖν
1220 1238 1260 1313 ὡς
1288 1239 1408 1326 στρατὸς
1438 1243 1467 1314 ἐξ
1486 1238 1597 1326 Ὑπερ-

137 1343 247 1430 βορέων
278 1344 374 1409 έλθῶν
405 1344 513 1419 ἔξωθεν
544 1343 650 1431 ᾑρήκοι
680 1343 764 1409 πόλιν
791 1343 952 1429 Ἑλληνίδα
971 1344 1102 1430 Ῥώμην,
1135 1347 1198 1409 ἐκεῖ
1218 1370 1274 1408 που
1297 1344 1506 1430 κατῳκημένην
1529 1345 1598 1430 περὶ

137 1448 189 1531 τήν
212 1447 344 1533 μεγάλην
368 1449 524 1514 θάλατταν.

243 1557 273 1621 5.
309 1552 438 1626 Strabo
454 1553 541 1623 VIII
557 1559 639 1624 385:
664 1553 849 1637 κατεκλάσθη
865 1552 892 1618 δ’
912 1552 1052 1638 ήἙλίκη
1068 1551 1148 1618 δυσίν
1165 1554 1241 1619 ἔτεσι
1256 1554 1311 1641 πρό
1327 1560 1384 1617 τῶν
1404 1558 1598 1641 Λευκτρικῶν.

137 1656 355 1745 Ἐρατοσθένης
378 1656 410 1722 δὲ
433 1654 482 1722 καί
506 1655 593 1731 αὐτὸς
614 1659 685 1723 ἰδεῖν
716 1683 788 1743 φησι
818 1658 866 1722 τὸν
895 1657 983 1722 τόπον
999 1707 1005 1722 .
1021 1657 1239 1745 ,Ἡρακλείδης
1261 1660 1293 1724 δέ
1321 1684 1393 1745 φησι
1423 1656 1488 1723 κατ’
1508 1656 1599 1722 αὐτὸν

139 1762 277 1847 γενέσθαι
299 1762 332 1826 τό
355 1761 451 1835 πάθος
476 1761 588 1849 νύκτωρ
610 1767 670 1827 κτλ.

244 1871 274 1935 6.
321 1867 385 1934 DL
403 1865 435 1932 V
452 1872 509 1937 86:
543 1864 684 1951 Ἀθήνησι
705 1865 738 1930 δὲ
760 1866 910 1953 παρέβαλε
938 1874 1048 1954 πρῶτον
1077 1867 1129 1952 μέν
1152 1864 1338 1953 Σπευσίππῳ,
1368 1864 1445 1932 ἀλλά
1469 1864 1601 1930 καὶτῶν

140 1967 351 2056 Πυθαγορείων
375 1969 520 2055 διήκουσε,
544 1967 594 2034 καὶ
612 1969 647 2034 τά
665 1969 820 2043 Πλάτωνος
844 1969 993 2054 ἐζηλώκει,
1016 1968 1065 2036 καὶ
1089 1967 1206 2058 ὕστερον
1229 1966 1353 2055 ἤκουσεν
1374 1968 1599 2057 Ἀριστοτέλους,

141 2071 181 2147 ὥς
203 2099 276 2160 φησι
299 2072 419 2138 Σωτίων
442 2075 472 2138 ἐν
495 2075 656 2161 διαδοχαῖς.

247 2185 275 2248 7.
322 2178 458 2248 DLIH
481 2184 540 2247 46:
577 2176 720 2263 Μαθηταὶ
754 2176 783 2243 δ’
806 2177 896 2244 αὐτοῦ
930 2185 987 2259 (sc.
1017 2178 1184 2252 Πλάτωνοςλ
1222 2179 1405 2252 Σπεόσιππος
1437 2178 1601 2264 Ἀθηναῖος,

143 2283 326 2369 Ξενοκράτης
359 2281 577 2368 Χαλκηδόνιος,
610 2281 807 2369 Ἀριστοτέλης
842 2282 1026 2370 Σταγειρίτης
1048 2282 1335 2371 ...Ἡρακλείδης
1371 2284 1508 2357 Ποντικός
1550 2281 1603 2348 καί

142 2382 229 2453 ἄλλοι
258 2385 383 2459 πλείους.

246 2499 275 2563 8.
330 2491 443 2561 Index
477 2491 588 2562 Aced.
624 2492 766 2562 Hercul.
803 2491 1354 2581 (ed.Buechel.Gryph.1869)
1389 2493 1481 2563 Vll
1519 2494 1602 2572 (ubi

145 2606 397 2667 enumerantur
438 2595 603 2667 Platonis
645 2596 847 2686 discipulilt
882 2646 889 2661 .
913 2647 919 2660 .
942 2596 1124 2685 Ξενοκράτης
1159 2597 1371 2681 Χαλκηδόνιος,
1401 2595 1604 2684 Ἡρακλείδης

144 2698 285 2787 Ἀμόντας
311 2699 527 2787 Ἡρακλεῶται,
560 2700 732 2786 Μενέδημος
762 2701 913 2788 Πυρραῖος,
932 2700 1081 2774 Ἑστιαῖος
1113 2700 1273 2789 Περίνθιος,
1302 2700 1500 2788 Ἀριστοτέλης
1528 2703 1605 2766 Στα-

143 2805 270 2893 γειρίτης
293 2810 352 2870 κτλ

251 2917 280 2981 9.
328 2909 458 2981 Strabo
481 2910 554 2979 XII
576 2915 657 2980 541:
692 2910 905 2997 προςεκτήσατο
928 2909 956 2975 δ’
971 2907 1053 2984 οὗτος
1077 2911 1162 2990 (soil.
1188 2911 1382 2998 Μιθραδάτης
1405 2910 1421 2975 ὁ
1446 2909 1605 2996 Εὐπάτωρ)

145 3013 195 3080 καί
225 3015 277 3100 τήν
310 3015 397 3102 μέχρι
426 3012 608 3101 Ἡρακλείας
638 3012 784 3101 παραλίαν
815 3012 862 3080 ἐπὶ
896 3016 931 3080 τά
968 3015 1093 3101 δυσμικά
1128 3016 1210 3103 μέρη,
1245 3021 1296 3101 τῆς
1322 3014 1521 3102 Ἡρακλείδου
1551 3019 1606 3080 τοῦ

148 3122 338 3186 Πλατωνικοῦ
369 3118 512 3206 πατρίδος.

251 3225 301 3295 (ll.
328 3224 460 3295 Suidas
485 3248 512 3293 s,
537 3248 569 3296 v.
589 3223 802 3311 Ἡρακλείδηςῑ
829 3223 984 3298 Πλάτωνος
1007 3226 1155 3313 γνώριμος.

252 3338 301 3400 10.
349 3329 470 3401 Cicero
494 3330 561 3398 ND
583 3331 600 3399 1
625 3337 682 3400 13:
719 3352 763 3400 ex
793 3329 916 3400 eadem
940 3328 1105 3401 Platonis
1140 3330 1266 3402 schola
1292 3331 1464 3400 Ponticus
1488 3329 1605 3399 Hera-

147 3434 258 3504 clides
281 3433 481 3523 puerilibus
506 3433 639 3505 lobulis
664 3434 801 3504 refersit
822 3433 936 3505 libros
960 3443 1022 3504 eto.

253 3546 302 3606 11.
350 3537 420 3607 Cic.
453 3537 497 3608 de
527 3538 634 3624 Legg.
658 3540 711 3609 III
736 3544 771 3609 6:
815 3548 898 3626 post
932 3545 995 3619 (so.
1031 3548 1115 3627 posi
1148 3539 1352 3622 Platonem)
1388 3537 1606 3608 Aristoteles

148 3641 347 3713 illustravit
381 3665 522 3713 omnem
558 3644 654 3713 hunc
687 3643 828 3713 civilem
861 3648 899 3713 in
931 3643 1150 3733 disputando
1181 3644 1301 3713 locum
1325 3642 1607 3730 Heraclidesque

147 3748 323 3819 Ponticus
347 3748 527 3836 profectus
554 3750 597 3820 ab
623 3748 746 3820 eodem
771 3748 932 3820 Platone.

256 3858 305 3922 12.
356 3853 426 3922 Cic.
451 3852 553 3922 Tusc.
579 3851 716 3940 disp.V
732 3861 769 3924 3:
807 3853 948 3923 auditor
982 3852 1147 3923 Platonis
1179 3853 1354 3922 Ponticus
1387 3850 1609 3929 Heraclides,

149 3961 203 4027 vir
227 3957 354 4028 doctus
380 3960 566 4046 imprimis.

256 4067 304 4132 13.
352 4062 423 4131 Cio.
448 4060 491 4131 de
516 4062 635 4132 Divin.
657 4062 674 4130 I
697 4067 758 4132 23:
783 4062 955 4133 Ponticus
978 4060 1198 4140 Heraclides,
1222 4059 1349 4130 doctus
1374 4063 1439 4140 vir,
1465 4058 1609 4131 auditor

150 4175 185 4236 el
208 4166 409 4254 discipulus
434 4166 609 4237 Platonis.

257 4278 305 4340 14.
353 4271 469 4343 Procl.
494 4276 531 4341 in
564 4271 656 4341 Plat.
681 4271 769 4341 Tim.
795 4271 923 4341 281u:
955 4268 1154 4356 Ἡρακλείδης
1183 4268 1235 4354 μὲν
1266 4263 1316 4334 οὖν
1347 4268 1362 4332 ὁ
1394 4267 1541 4345 Ποντικός,
1574 4266 1610 4332 οὐ

152 4373 307 4450 Πλάτωνος
330 4373 372 4439 ὢν
394 4374 548 4460 ἀκουστής,
571 4375 678 4461 ταότην
702 4376 797 4464 ἐχέτω
820 4376 871 4459 τήν
895 4374 988 4449 δόξαν,
1012 4380 1097 4438 κινῶν
1120 4372 1219 4460 κόκλῳ
1246 4373 1298 4457 τήν
1328 4382 1395 4458 γῆν·
1427 4371 1551 4438 Πλάτων
1575 4370 1608 4436 δὲ

151 4478 285 4564 ἀκίνητον
309 4479 399 4564 αὐτήν
420 4479 540 4565 ἵστησιν.

259 4591 307 4654 15.
353 4584 448 4654 Plut.
475 4584 552 4656 adv.
579 4585 693 4655 Colol.
720 4592 774 4654 14:
809 4589 867 4648 ποῶ
892 4583 948 4668 γάρ
978 4579 1019 4646 ὢν
1042 4589 1093 4668 της
1115 4581 1253 4666 ἀοικήτου
1277 4583 1308 4647 τό
1333 4581 1441 4669 βιβλίον
1465 4580 1609 4668 ἔγραφες,

149 4689 197 4754 ίνα
227 4696 317 4754 ταῦτα
348 4687 488 4763 συντιθεὶς
518 4690 554 4754 τά
577 4688 755 4775 ἐγκλήματα,
780 4688 820 4774 μή
843 4690 901 4761 τοῖς
924 4685 1041 4753 ἐκείνων
1065 4687 1259 4773 συντάγμασιν
1282 4686 1414 4774 ἐντόχης,
1438 4683 1508 4771 μηδ’
1535 4684 1607 4749 ἀνα-

49 4849 51 4853 ,
152 4794 245 4881 λάβης
270 4796 309 4867 εἰς
332 4798 433 4882 χεῖρας
454 4793 665 4881 Ἀριστοτέλους
687 4793 723 4858 τά
747 4791 812 4880 περὶ
842 4791 967 4880 οὐρανοῦ
996 4791 1045 4857 καὶ
1068 4792 1103 4857 τά
1126 4789 1192 4879 περὶ
1222 4797 1327 4879 ψυχῆς,
1358 4789 1546 4877 Θεοφράστου
1578 4788 1611 4854 δὲ

153 4900 188 4964 τά
218 4900 289 4986 πρὸς
316 4900 383 4972 τυάς
413 4898 560 4987 φυσικοός,
579 4897 778 4984 Ἡρακλείδου
809 4897 841 4962 δὲ
872 4898 920 4961 τόν
952 4896 1155 4984 Ζωροάστρην,
1185 4896 1216 4960 τὸ
1247 4894 1313 4983 περί
1335 4902 1394 4961 τῶν
1416 4898 1447 4961 ἐν
1470 4891 1552 4980 ᾅδου,
1576 4894 1609 4959 τό

153 5003 218 5092 περὶ
252 5010 309 5069 τῶν
343 5011 469 5091 φυσικῶς
503 5002 720 5090 ἀπορουμένων,
756 5002 937 5089 Δικαιάρχου
971 5001 1004 5066 δέ
1039 5002 1072 5066 τά
1103 4999 1169 5088 περὶ
1199 5006 1304 5088 ψυχῆς,
1345 5003 1375 5065 ἐν
1405 4998 1447 5072 οἷς
1474 4999 1546 5085 πρὸς
1576 5001 1612 5064 τά
