3570 5574
984 400 1025 464 92

280 604 443 687 quamvis
474 624 546 685 non
570 604 726 685 genuino
761 601 817 682 (ci.
838 602 1020 671 Suscmihl
1045 604 1086 671 Α.
1104 603 1143 670 L.
1164 603 1204 671 G.
1222 604 1258 672 ΙΙ
1279 625 1311 689 ρ.
1329 606 1419 686 594).
1477 604 1734 674 Narrationem

280 704 389 777 illam.
429 709 464 773 in
505 727 577 791 qua
615 706 856 776 Callisthenes
896 709 1034 784 citatur,
1073 729 1145 775 non
1179 708 1328 777 fluxisse
1365 730 1408 776 cx
1443 709 1534 777 libro
1574 707 1733 793 quodam

280 810 417 879 Pontici
454 832 556 878 nemo
588 832 660 878 non
691 810 874 890 concedam
910 811 1034 881 nullus
1066 810 1190 882 dubito
1225 816 1310 899 quin
1342 813 1547 881 Heraclides
1571 812 1733 882 Lernbus

278 926 399 982 auctor
430 917 487 994 sit,
523 917 585 1002 qui
615 914 704 983 talia
733 919 768 983 in
800 915 892 985 libro
924 913 988 1001 περὶ
1011 922 1152 1002 χρησμῶν
1175 916 1379 1004 protulerat.
1439 916 1606 986 Fortasse
1638 938 1734 995 vero,

278 1041 358 1087 rum
393 1019 489 1106 apud
524 1019 758 1090 Plutarchum
796 1019 838 1088 de
873 1021 917 1088 Is.
950 1029 984 1089 et
1016 1019 1075 1089 Os.
1101 1021 1123 1088 l.
1148 1021 1170 1089 l.
1202 1020 1244 1089 de
1281 1023 1386 1092 rebus
1422 1043 1494 1090 non
1531 1023 1580 1089 ita
1616 1020 1732 1090 multo

281 1123 431 1192 diversis
470 1140 613 1208 agatur,
659 1129 765 1194 etiam
804 1126 872 1194 hoc
910 1126 1149 1211 fragmentum
1188 1149 1232 1195 ex
1270 1125 1430 1195 eiusdem
1470 1126 1596 1196 Lumbi
1639 1126 1733 1196 libro

279 1226 433 1313 quodam
466 1238 651 1316 sumptum
686 1240 758 1308 est;
793 1238 869 1298 tum
906 1238 1060 1299 statuere
1096 1230 1277 1307 debemus,
1313 1234 1344 1300 si
1379 1252 1462 1298 vera
1497 1241 1551 1299 est
1574 1229 1682 1298 lectio
1716 1229 1732 1293 ὁ

279 1331 415 1403 Ποντικὸς
429 1332 635 1418 Ἡρακλείδης,
659 1333 836 1403 bombum
858 1334 969 1403 luisse
993 1334 1128 1404 dictum
1144 1338 1250 1404 etiam
1267 1336 1456 1404 Ponticum
1477 1334 1534 1408 (cf.
1554 1332 1732 1405 Schrader

279 1458 310 1523 p.
331 1442 394 1507 ‘236
420 1438 524 1524 sqq),
559 1461 576 1506 e
625 1447 739 1508 totum
764 1438 894 1509 librum
932 1437 997 1526 περὶ
1031 1438 1215 1527 χρηστηρίων
1249 1440 1385 1509 Lembo
1422 1440 1621 1509 adscribere
1657 1461 1732 1509 non

280 1539 535 1612 dubitabimus.
585 1542 623 1611 Si
656 1543 743 1611 haec
772 1552 866 1612 recta
897 1552 992 1624 sunt,
1025 1544 1152 1614 faciam
1181 1548 1287 1614 etiam
1313 1567 1393 1613 oum
1418 1545 1614 1625 Deswcrto‚
1650 1566 1732 1614 cum

280 1645 472 1715 concedam
503 1647 615 1718 libres
647 1645 712 1733 περὶ
735 1646 920 1734 χρηστηρίων
943 1659 978 1717 et
999 1646 1064 1735 περὶ
1087 1654 1228 1736 χρησμῶν
1256 1671 1328 1719 non
1353 1672 1431 1718 csse
1462 1649 1635 1729 diverSOS‚
1671 1660 1732 1718 aut

276 1750 426 1821 alterum
451 1751 597 1822 alterius
621 1762 766 1841 partem.
814 1753 1126 1824 Verisimillimum
1156 1754 1259 1833 duco,
1292 1756 1441 1825 verbum
1467 1754 1604 1826 Ποντικὸς
1636 1754 1731 1823 falso

276 1859 312 1924 in
342 1863 478 1925 textum
503 1857 757 1926 Plutarcheurn
793 1861 997 1945 inrepsisse,
1032 1859 1095 1928 sed
1130 1858 1313 1928 decernere
1348 1860 1442 1928 hane
1477 1863 1729 1946 quaestionem

279 1959 425 2029 arduam
453 1961 563 2031 nolui.
591 2000 626 2006 --
656 1962 820 2032 Ceterum
844 1962 887 2033 de
910 1963 1012 2034 libris
1037 1963 1216 2032 Heraclidi
1241 1965 1390 2035 Pontico
1422 1964 1513 2033 falso
1542 1965 1735 2051 adscriptis

276 2062 340 2149 περὶ
364 2070 421 2128 τῶν
445 2068 475 2128 ἐν
493 2064 619 2130 Ἑλλάδι
642 2065 764 2143 πόλεων,
789 2070 939 2144 πολιτεῖαι,
963 2071 1028 2153 περὶ
1051 2068 1146 2153 νήσων
1178 2073 1366 2156 quicquam
1401 2070 1514 2139 dicere
1539 2091 1631 2155 opus
1655 2091 1731 2137 non

276 2176 341 2247 est,
365 2191 443 2239 cum
469 2192 564 2240 nune
588 2178 727 2242 constet
750 2173 842 2241 inter
865 2175 960 2244 viros
985 2173 1118 2252 doctos,
1153 2196 1225 2244 non
1250 2196 1327 2242 esse
1351 2174 1492 2242 Pontici
1516 2176 1639 2241 nostri.

378 2309 420 2377 ln
437 2309 531 2380 calce
549 2316 664 2399 operis
681 2332 845 2382 moneam
858 2311 1028 2381 Varronis
1045 2311 1137 2382 illud
1155 2322 1291 2382 exstare
1308 2312 1403 2400 apud
1417 2312 1576 2384 Nonium
1587 2310 1638 2380 IV
1652 2334 1680 2379 s.
1693 2335 1726 2379 v.

277 2414 488 2486 contendere
511 2439 542 2504 p.
560 2422 624 2487 260
641 2417 694 2486 M:

923 2499 984 2609 qui
1008 2500 1237 2591 Tarentinum
1262 2531 1363 2591 tuum

572 2661 616 2730 ad
641 2640 913 2731 Heraclidem
937 2639 1167 2730 Ponticum
1192 2640 1430 2735 contenderet,

278 2822 382 2884 ouem
406 2801 525 2870 locum
550 2801 725 2871 Oehlerus
750 2806 800 2871 sic
824 2803 992 2891 explicat:
1027 2799 1137 2872 Varro
1168 2800 1255 2870 dicit
1278 2801 1425 2871 medicis
1450 2823 1470 2869 a
1493 2799 1727 2888 philosophis

277 2901 484 2974 discendum
510 2928 596 2984 esse,

381 3018 415 3079 et
438 3010 568 3080 addam
591 3011 709 3082 locum
743 3012 785 3081 de
811 3036 880 3101 quo
905 3017 1116 3097 gravissime
1146 3013 1271 3082 dubito
1306 3020 1425 3081 utrum
1458 3033 1500 3078 ex
1525 3006 1729 3077 Heraclidis

277 3119 388 3184 nostri
424 3117 516 3186 libro
550 3115 615 3202 περὶ
650 3122 788 3200 μουσικῆς
824 3140 868 3186 an
904 3117 997 3186 alius
1034 3116 1234 3185 Heraclidis
1271 3115 1446 3196 (eiusdem
1482 3136 1587 3202 (prtem
1627 3112 1732 3180 affert

279 3221 502 3308 Porphyrius
538 3225 574 3290 in
611 3225 863 3291 commentario
908 3221 952 3290 ad
996 3222 1162 3290 Hermon.
1199 3221 1388 3303 l'tolcm.‘?)
1436 3242 1538 3306 opere
1574 3217 1732 3304 quodam

279 3337 385 3394 natus
409 3330 467 3401 sit,
491 3348 536 3395 an
561 3326 762 3395 Heraclitus
788 3330 906 3396 nescio
933 3330 1013 3414 quis
1038 3330 1084 3395 sit
1108 3336 1247 3397 auctor:

485 3516 602 3585 Schol.
629 3518 744 3599 (Hor)
768 3517 876 3585 Rhea.
903 3523 966 3586 ata
995 3540 1026 3605 p.
1053 3524 1116 3588 335
1141 3518 1272 3587 Schm:

206 3649 275 3718 104
383 3639 451 3702 ἐ’νιοι
474 3638 506 3703 δὲ
533 3637 679 3725 Εὐτέρπης
703 3638 789 3703 αὐτὸν
818 3639 903 3718 (scil.
925 3638 1044 3724 Ῥῆσον)
1076 3645 1289 3724 ηενεαλοροῦσι,
1319 3637 1454 3722 καθάπερ
1474 3635 1731 3721 Ἡρακλείδης

279 3742 482 3826 (ΙΙριίκλειτνς
511 3743 617 3819 libri)
649 3742 718 3829 φησὶ
742 3744 787 3807 ὖέ·
819 3742 929 3828 ἑβδόμη
959 3743 990 3807 δὲ
1017 3744 1181 3828 Καλλιόπη,
1211 3741 1229 3827 ἢ
1262 3741 1356 3819 (add.
1383 3742 1580 3822 Schwartz)
1614 3739 1731 3823 ποίησιν

279 3842 345 3933 εὗρε
380 3848 492 3912 πάντων
527 3847 576 3912 καὶ
612 3855 652 3928 (π.
675 3876 699 3912 κ.
725 3847 792 3917 (lel.
818 3847 1016 3917 Schwartz:
1053 3849 1222 3933 ποιημάτων
1258 3848 1299 3916 G.
1324 3847 1523 3916 Hermann:
1561 3847 1639 3908 ἑπὼν
1673 3844 1730 3913 vel

278 3953 380 4037 ἑπικὴν
407 3952 568 4033 Wilenl.)
604 3952 797 4038 συνοικήσασα
828 3951 947 4038 Οἰάγρῳ
977 3952 1196 4038 (συνοικήσαντα
1228 3952 1320 4038 ἀγρῷῑ
1353 3973 1438 4020 (tort.
1466 3949 1506 4018 G.
1533 3950 1729 4027 Hermann)

278 4063 362 4141 γεννᾷ
382 4057 494 4143 Ὀρφέα
517 4059 565 4123 τὸν
588 4058 702 4122 πάντων
726 4059 857 4143 με’·ριστον
880 4054 1033 4143 ἄνθρωπον
1057 4061 1086 4122 ἐν
1109 4083 1146 4143 τη
1168 4062 1351 4143 κιλλνιρνρῦικη]
1367 4057 1456 4141 τέχνη
1472 4053 1633 4138 γενόμενον,
1658 4055 1730 4140 πρὸς

278 4160 310 4225 δέ
345 4159 393 4226 καὶ
427 4168 477 4246 τῆς
508 4162 659 4249 ἐγκυκλίου
687 4163 845 4248 μαθήσεως
875 4161 1183 4248 σνρκρερντικώτερον.
1240 4159 1571 4247 (ἐγχειρηρατικώτατον
1596 4155 1731 4226 Schw.:

280 4269 537 4353 συγκεκυρημένον
572 4268 715 4355 Haupt.)
751 4267 840 4352 ι’νηῦοή
875 4268 901 4332 δ’
936 4266 1076 4352 Ιῦὖτέρπη,
1111 4263 1130 4350 ἢ
1165 4267 1215 4350 τὴν
1249 4264 1315 4329 κατ’
1343 4265 1435 4329 αὐλοῦ
1470 4258 1551 4348 εὗρεν
1585 4260 1732 4337 εὐέπειαν,

281 4371 472 4455 συνοικήσασα
495 4373 632 4458 Στρόρονι
656 4375 750 4436 τεκνοῖ
773 4372 983 4453 (Schwartzz
1015 4373 1137 4434 ἑνῑεκνοῐ
1162 4374 1204 4448 Α)
1224 4370 1333 4455 <λ’νῗρον
1358 4366 1388 4442 ὃς
1413 4369 1468 4433 ὑπὸ
1490 4366 1657 4439 ’λλόνσσέιος
1683 4366 1734 4431 καὶ

279 4474 438 4559 Διομήδους
462 4476 628 4562 ἀναιρεῖται.

384 4673 447 4719 nec
478 4654 639 4721 omittam
672 4652 890 4737 tragoedias:

915 4773 979 4841 llll
997 4770 1027 4836 V
1045 4777 1094 4840 aa.

384 4895 454 4984 φησὶ
478 4896 503 4960 ‹3’
520 4895 709 4982 Ἀριστόξενος
733 4897 748 4962 ο
772 4896 906 4984 μουσικὸς
930 4893 978 4958 καὶ
1001 4891 1163 4982 τραριρῦίνις
1187 4892 1273 4958 αὐτὸν
1297 4896 1388 4957 ποιεῖν
1405 4891 1453 4956 καὶ
1470 4892 1612 4964 Ηέσπιόος
1637 4891 1731 4968 αὐτὰς

280 5002 457 5093 ε’πιηράνρειν.
