3570 5574
784 427 827 495 69

77 660 158 719 τιμος
181 631 230 698 καί
251 632 476 718 Ἀσκληπιάδης)
498 633 594 706 πάθος
618 633 747 719 ἐμφύτου
772 638 883 720 θερμοῦ
906 634 1024 719 λέγοιεν,
1056 633 1085 699 οἳ
1112 634 1187 720 μηδὲ
1214 636 1266 721 την
1289 634 1384 725 ἀρχὴν
1407 633 1533 723 ἔμφυτον

78 738 185 811 είδύτες
202 738 326 824 θερμύν;
350 737 417 802 ἀλλ’
433 788 439 801 .
456 786 462 801 .
484 738 515 801 ἓν
537 744 621 803 τοῦτο
645 737 749 811 πάντες
766 737 963 823 ὁμολογοῦσιν,
987 738 1027 811 ὡς
1044 739 1166 804 ἔσταιτι
1182 740 1256 804 κατά
1274 739 1360 827 φύσιν
1376 744 1406 806 ἐν
1418 740 1533 827 ἑκάστῳ

79 841 195 928 θερμόν,
219 845 249 906 ἐν
271 849 313 928 τῷ
331 841 500 928 προςηκοντι
524 842 619 928 μέτριμ
636 843 845 927 θεωρούμενον.
879 840 928 906 καί
944 843 980 927 δὴ
998 844 1152 920 (Arnimz
1169 843 1213 922 δἐ)
1229 842 1293 929 περὶ
1309 850 1392 909 τοῦτο
1409 844 1486 931 ’ρῖγύς
1501 869 1533 908 τε

78 945 127 1011 καί
150 945 254 1032 φρίκην
277 944 364 1032 φασίν
387 943 505 1012 ἅπασάν
527 971 558 1010 τε
580 946 712 1031 γίνεσθαι
727 946 884 1033 κατάψυξιν
907 945 992 1027 (κατὰ
1010 946 1105 1034 φύξινῑ
1130 951 1381 1030 corr.Ar11im).
1413 947 1534 1033 ’Ἀσκλη-

81 1051 186 1135 πιάδης
209 1055 277 1135 γοῦν
300 1049 335 1115 ού
359 1049 445 1135 μύνον
467 1051 499 1114 τῦ
524 1051 639 1136 θερμόν,
663 1050 730 1116 αλλ’
740 1049 804 1115 οὐδ’
820 1046 912 1134 ἀλλην
928 1052 989 1115 τινά
1006 1049 1095 1125 τιθείς
1119 1050 1245 1139 ἔμφυτον
1268 1052 1396 1138 δύναμιν,
1420 1048 1535 1117 ἅπαντα

78 1156 199 1240 πυρετδν
223 1152 269 1219 ἐπί
285 1179 356 1218 τισιν
372 1154 544 1241 ἑμφράξεσιν
560 1149 654 1239 ὄγκων
678 1158 708 1219 ἐν
723 1155 822 1240 πόροις
838 1153 885 1219 ἀεί
902 1153 1088 1221 συνίστασθαι
1104 1156 1207 1241 λέγων,
1231 1159 1261 1222 έν
1278 1156 1415 1242 μεγέθεσι
1437 1156 1535 1242 πόρων

79 1259 131 1342 την
154 1259 298 1345 διαφοράν
321 1258 470 1343 τιθέμενος
494 1257 591 1334 αὐτοῦ,
622 1255 699 1323 ούτω
729 1263 903 1347 φιλοτεχνεῖ,
939 1257 1062 1324 δείκνυσί
1093 1284 1133 1337 τε,
1161 1259 1217 1325 τίσι
1248 1260 1300 1346 μὲν
1322 1259 1435 1346 ἀνάγκη
1459 1262 1535 1347 ῥῖγος

81 1366 232 1448 ἐζεῦχθαι,
255 1360 309 1426 τίσι
333 1360 362 1426 δ’
377 1358 431 1426 οὔ.
447 1412 453 1426 ·
469 1412 499 1426 ··
523 1360 598 1426 ἀλλὰ
623 1368 706 1426 τοῦτο
732 1362 823 1440 (scil.
848 1384 1009 1452 pugnare
1036 1372 1162 1434 contra
1184 1364 1451 1453 Asclepiadem)
1484 1363 1536 1448 μὲν

82 1469 120 1538 εἰς
152 1468 248 1552 ἕτερον
278 1463 492 1551 ἀναβεβλήσθω
516 1466 623 1553 καιρύν.
669 1465 737 1531 οῦδὲ
767 1467 822 1553 γὰρ
843 1467 997 1551 Ἀθήναιον
1026 1470 1136 1531 ἐπαινιῦ
1161 1467 1225 1555 περί
1249 1468 1302 1554 μέν
1322 1467 1535 1552 Ἀσκληπιάδου

81 1570 128 1635 καί
148 1567 414 1657 Ἡρακλείδου
445 1576 510 1634 τοῦ
544 1571 735 1635 Ποντικοῦ
770 1570 819 1635 καί
843 1570 1011 1658 Στράτωνος
1041 1577 1092 1635 τοῦ
1116 1578 1240 1658 φυσικοῦ
1271 1573 1391 1658 λέγοντά
1414 1597 1449 1648 τι,
1478 1578 1536 1635 τῶν

81 1675 109 1739 δ’
126 1672 224 1740 ἀλλων
247 1674 364 1746 ούδενδς
388 1674 610 1758 μνημονεύοντα.

290 1813 413 1882 Galen.
440 1813 596 1883 Theriac.
621 1814 708 1883 XIV
733 1837 765 1902 p.
791 1820 852 1883 251
871 1814 919 1882 K:

186 1917 286 2002 διύπερ
322 1917 354 1981 δὲ
388 1916 437 1981 καὶ
471 1917 611 1991 πολλάκις
647 1919 705 2003 ἐγὼ
735 1917 910 2002 τεθαύμακα
941 1910 1000 1990 πῶς
1031 1916 1153 2003 ὁρῶντες
1183 1915 1231 1982 ἐπί
1259 1923 1310 1983 τοῦ
1332 1918 1437 1990 παντδς
1460 1914 1537 1982 ούτω
1567 1926 1590 1995 b

82 2023 237 2106 γενομένας
270 2019 392 2108 ταχείας
425 2023 531 2107 τροπὰς
566 2021 615 2086 καί
649 2023 699 2107 την
729 2021 872 2106 τοσαύτην
903 2024 933 2087 ἐν
955 2025 1018 2094 ταῖς
1040 2021 1174 2107 κράσεσιν
1197 2021 1370 2108 μεταβολήν,
1394 2020 1452 2087 εἶθ’
1468 2019 1537 2087 ύπο-

83 2127 213 2210 μένουσιν
237 2125 330 2214 ἀρχὰς
353 2132 410 2190 τῶν
433 2124 510 2190 ’ύλων
532 2127 582 2199 τὰς
606 2126 741 2199 τοιαύτας
763 2125 908 2204 τίθεσθαι,
932 2124 981 2190 καὶ
1005 2124 1128 2210 μάλισθ’
1149 2124 1165 2190 δ
1188 2132 1237 2190 νῦν
1268 2126 1418 2212 εἰρημένος
1440 2126 1537 2212 ίατρῦς

80 2231 293 2315 Ἀσκληπιάδης
310 2280 315 2293 .
332 2280 338 2292 .
355 2280 361 2293 .
378 2228 426 2294 καί
449 2231 497 2294 διὰ
521 2235 605 2295 τοῦτο
629 2230 725 2295 ἐδόκει
749 2256 798 2316 μοι
821 2231 870 2295 τὸν
895 2226 985 2317 ἀνδρα
1009 2231 1049 2315 μὴ
1074 2230 1159 2315 μόνον
1181 2231 1214 2294 τῦ
1238 2228 1358 2295 ἐπὶτῶν
1374 2229 1538 2317 φαρμάκων

83 2333 246 2419 γιγνόμενον
271 2335 470 2420 (γιγνομένωνῑ
496 2357 580 2404 corr.
606 2335 747 2413 Arnim)
771 2333 944 2407 ἀκολούθως
967 2334 1096 2420 ἀναιρεῖν
1127 2335 1175 2399 διά
1204 2334 1256 2419 τήν
1287 2332 1465 2399 ἀκολουθίαν
1487 2340 1538 2398 τοῦ

83 2438 233 2523 δόγματος,
257 2437 333 2503 ἀλλὰ
357 2436 405 2502 καί
428 2439 480 2523 την
503 2437 587 2525 φύσιν
611 2437 700 2522 αύτην
722 2444 774 2522 την
797 2442 962 2503 διοικοῦσαν
996 2440 1026 2502 ἐν
1053 2437 1121 2525 ἡμῖν
1149 2439 1185 2503 ταί
1219 2438 1313 2504 πάντα
1344 2437 1434 2524 μηδέν
1465 2438 1538 2503 εἶναι

83 2541 206 2607 οἴεσθαι.
251 2544 360 2607 ἕκαστα
383 2543 438 2626 γάρ
460 2548 518 2607 τῶν
541 2542 714 2628 γιγνομένων
738 2545 771 2607 ἐκ
795 2548 845 2627 τῆς
868 2548 925 2607 τῶν
961 2538 1056 2627 ὄγκων
1091 2543 1254 2618 συνθέσεως
1288 2541 1338 2609 καί
1372 2547 1539 2628 συμπλοκῆς

83 2647 232 2732 γίγνεσθαι
254 2647 398 2733 βούλεται.
443 2646 543 2732 διόπερ
567 2645 616 2711 καί
641 2648 802 2733 θαυμάζειν
825 2645 982 2735 ἐπέρχεταί
1013 2672 1070 2732 μοι,
1100 2645 1169 2711 ὅταν
1192 2646 1280 2712 αύτδν
1311 2646 1370 2733 δριῦ
1395 2648 1430 2712 ταί
1462 2644 1539 2712 ούτω

86 2752 241 2838 θαυμασταί
265 2758 316 2837 τῆς
339 2751 455 2838 φύσεως
478 2751 548 2838 ἔργα
573 2752 613 2838 μη
637 2752 779 2838 βλέποντα
803 2757 862 2816 κτλ.

294 2890 418 2960 Galen.
444 2890 487 2959 de
510 2891 679 2961 methodo
704 2891 870 2961 medendi
894 2896 914 2959 2
936 2892 972 2959 X
995 2912 1028 2978 p.
1057 2896 1118 2960 124
1134 2891 1186 2959 K:

189 2989 225 3079 ἧν
248 2993 300 3079 μὲν
323 2995 378 3080 γάρ
406 2993 440 3058 ού
472 2996 589 3080 σμικρὸν
623 2993 693 3059 οῦδὲ
726 2996 758 3059 τδ
790 2993 1028 3079 Ἀσκληπιάδειον
1061 3000 1174 3080 πτιῦμα,
1209 2997 1257 3060 διά
1291 2996 1323 3059 τδ
1359 2992 1423 3059 κατ’
1446 2992 1541 3080 ἀρχὰς

87 3098 235 3183 ἐσφάλθαι
257 3099 306 3163 τδν
329 3095 420 3184 ἀνδρα
443 3097 566 3184 περὶτὰ
590 3104 642 3163 τοῦ
665 3099 794 3185 σώματος
818 3102 956 3187 στοιχεῖα.
1082 3183 1085 3190 A

191 3203 284 3273 Puto
318 3202 543 3273 Heraclidem
578 3207 615 3272 in
650 3204 718 3274 hoo
753 3202 897 3289 dialogo
929 3225 1001 3273 non
1036 3207 1139 3290 quasi
1169 3201 1419 3291 compendium
1444 3223 1539 3272 mor-

86 3309 214 3378 borum
238 3311 433 3396 scripsisse
458 3307 520 3377 sed
544 3312 774 3395 potissimum
791 3309 833 3378 de
850 3310 1083 3395 respiratione
1099 3311 1214 3392 egisse
1239 3308 1295 3389 (of.
1313 3304 1540 3395 Asclepiadis

86 3412 219 3480 librum
254 3409 319 3498 περί
349 3418 400 3496 τῆς
431 3410 576 3496 ἀναπνοῆς
605 3410 655 3476 καί
685 3419 742 3477 τῶν
766 3419 903 3499 σφυγμῶν
939 3411 1064 3481 Galen.
1077 3410 1164 3481 VIII
1198 3435 1230 3499 p.
1256 3416 1319 3481 '158
1331 3411 1401 3494 K);
1436 3412 1541 3482 nobis

88 3524 180 3585 certe
214 3515 308 3585 nihil
342 3525 523 3603 praeterea
557 3524 692 3586 notum.
751 3515 976 3604 Quamquam
1012 3539 1085 3586 non
1120 3514 1251 3585 arridet
1281 3516 1371 3584 mihi
1394 3513 1542 3583 Hirzelii

88 3625 291 3690 coniectura
321 3620 430 3700 (Dial.
455 3621 472 3689 l
502 3642 535 3708 p.
560 3623 639 3702 325)
676 3619 823 3690 titulum
854 3620 990 3706 dialogi
1020 3620 1131 3689 luisse
1158 3615 1281 3692 Ἄπνυυς
1304 3616 1323 3704 ἢ
1347 3617 1411 3706 περὶ
1435 3618 1543 3698 vienn

88 3730 196 3794 immo
231 3724 322 3794 liber
356 3720 463 3796 ἄπνους
497 3745 580 3811 pars
617 3723 751 3810 dialogi
786 3723 851 3811 περὶ
874 3722 967 3788 νόσων
996 3724 1105 3793 fuisse
1137 3722 1287 3794 videtur.
1334 3721 1541 3804 Quomodo-

88 3851 228 3915 eunque
262 3848 319 3896 res
349 3849 387 3896 se
417 3828 537 3905 habet,
571 3828 663 3898 liber
685 3828 917 3898 Heraclideus
953 3825 1059 3901 ἄπνους
1091 3826 1148 3897 vel
1171 3826 1236 3915 περὶ
1259 3833 1310 3912 τῆς
1333 3822 1425 3890 ἄπνου
1449 3827 1541 3896 cele-

90 3935 265 4003 berrimus
289 3931 357 4000 luit
380 3931 476 4020 apud
499 3940 651 4001 veteres:

296 4052 390 4123 Plin.
415 4053 456 4122 N.
481 4052 665 4123 H.V1152
688 4061 706 4133 θ
731 4060 808 4124 1Ἰ5ε

194 4157 422 4226 Feminarum
458 4180 565 4227 sexus
600 4159 685 4228 huic
715 4158 810 4228 malo
835 4156 926 4242 (scil.
952 4160 1191 4236 exanimitati)
1227 4155 1367 4226 videtur
1390 4160 1544 4226 maxime
1564 4152 1613 4226 68

92 4270 315 4348 opportunus
341 4266 575 4332 conversione
592 4262 735 4343 vulvae,
759 4284 850 4351 quae
874 4266 905 4331 si
929 4265 1135 4346 corrigatur,
1159 4263 1309 4348 spiritus
1333 4263 1541 4330 restituitur.

89 4365 160 4433 huc
183 4369 336 4452 pertinet
359 4366 480 4435 nobile
503 4365 595 4435 illud
620 4366 716 4454 apud
742 4366 895 4436 Graecos
920 4367 1090 4436 volumen
1114 4363 1383 4434 Heraclidis
1407 4372 1544 4451 septem

91 4469 219 4540 diebus
257 4469 410 4539 feminae
448 4474 623 4540 exanimis
664 4469 708 4539 ad
746 4474 857 4540 vitam
896 4477 1092 4540 revocatae.
1140 4506 1181 4515 —
1237 4468 1334 4537 Inter
1380 4477 1541 4537 auctores

91 4573 175 4642 libri
201 4571 266 4641 VH
289 4573 430 4643 Plinius
455 4577 619 4644 nominat
640 4573 931 4643 Heraclidem
956 4574 1194 4641 Ponticum
1218 4573 1281 4642 Il.

303 4694 398 4780 Orig.
423 4704 546 4765 contra
570 4695 662 4765 Cels.
679 4695 714 4764 II
731 4702 789 4765 to:

196 4797 434 4886 παραθησόμεθα
451 4799 502 4883 μέν
517 4797 566 4863 καί
585 4798 729 4864 Πλάτωνα
746 4800 874 4884 λέγοντα,
885 4794 980 4884 Ἧρον
995 4799 1043 4862 τδν
1056 4797 1201 4883 Ἀρμένιον
1218 4798 1290 4881 μετὰ
1307 4797 1422 4862 δώδεκα
1434 4796 1546 4882 ἡμέρας
1565 4792 1613 4866 69

91 4907 125 4968 ἐκ
147 4911 198 4988 τῆς
220 4910 312 4990 πυράς
335 4903 493 4988 ἐγηγέρθαι
516 4902 565 4967 καί
588 4902 802 4988 ἀπηγγελκέναι
824 4903 859 4967 τοί
883 4900 947 4988 περί
971 4909 1027 4965 τιῦν
1051 4905 1081 4966 ἐν
1103 4898 1183 4986 ᾅδου.
1219 4901 1258 4974 ὡς
1274 4902 1344 4987 πρὸς
1361 4900 1497 4973 ἀπίστους
1513 4900 1545 4964 δέ

91 5005 139 5070 καί
152 5006 188 5070 ταί
205 5005 293 5092 περὶ
310 5012 374 5091 τῆς
390 5007 490 5092 παρὰ
507 5005 793 5093 τῷἯρακλείδη
810 5003 928 5071 ἀπνου
945 5004 979 5068 ού
992 5005 1085 5090 πάντη
1098 5005 1179 5069 έσται
1193 5005 1232 5076 είς
1244 5005 1294 5069 τίν
1307 5005 1392 5070 τύπον
1405 5001 1545 5092 ἀχρηστα.
