3570 5574
779 413 821 476 33

160 611 392 680 Aristarchus
417 612 561 683 Samius
595 666 602 679 .
640 668 646 680 .
683 666 690 680 .
751 616 788 684 ir.
810 623 860 685 50.

160 714 404 801 Hieronymus
421 721 689 805 peripateticus.
751 720 788 788 lr.
807 728 857 788 26.
893 743 971 807 pag.
990 728 1040 790 57.

162 820 419 889 Eratosthenes
469 875 474 886 .
511 874 516 886 .
555 877 560 887 .
596 875 603 888 .
639 877 646 890 .
683 878 689 890 .
751 825 927 894 151244.

165 925 382 1008 {Eratosthl
411 926 656 998 Catasterismi
683 981 688 994 .
750 928 788 998 sr.
807 936 835 998 9.
855 936 905 998 25.

162 1027 379 1116 Hermippus
425 1082 430 1094 .
468 1085 473 1094 .
510 1084 516 1097 .
552 1085 559 1098 .
597 1086 603 1099 .
639 1086 646 1099 .
683 1086 689 1099 .
752 1055 830 1120 pag.
848 1039 898 1103 53.
919 1039 969 1102 12.
1006 1036 1213 1105 1527547.

161 1132 388 1204 Sosicrates.
423 1187 430 1200 .
467 1186 473 1200 .
510 1189 516 1200 .
554 1190 559 1200 .
596 1188 602 1202 .
640 1189 646 1202 .
683 1191 689 1202 .
751 1139 789 1206 fr.
810 1141 1105 1209 lacrumae.

161 1237 379 1308 Posidonius
424 1291 430 1302 .
468 1292 474 1303 .
511 1293 517 1305 .
554 1292 560 1306 .
597 1293 604 1308 .
640 1294 646 1308 .
684 1297 689 1308 .
751 1243 789 1310 ir.
808 1250 859 1311 49.
878 1248 928 1312 56.
947 1250 997 1313 93.

161 1342 397 1430 Asclepiades
423 1345 600 1416 Prusaeus
640 1400 646 1412 .
682 1400 688 1412 .
750 1347 788 1414 fr.
807 1352 857 1415 63.
876 1352 955 1416 fica.
974 1348 1061 1417 d—i.

162 1446 301 1517 Varro.
337 1499 344 1514 .
381 1501 388 1516 .
425 1503 430 1513 .
468 1503 474 1515 .
512 1504 517 1514 .
553 1503 560 1515 .
596 1503 602 1516 .
639 1505 646 1517 .
683 1503 690 1519 .
751 1455 789 1524 fr.
811 1457 996 1521 114297.
1030 1475 1107 1540 pag.
1126 1460 1177 1524 58.
1196 1461 1246 1524 92.

161 1553 299 1622 Cicero.
336 1605 343 1618 .
381 1606 386 1618 .
424 1606 431 1621 .
467 1606 473 1620 .
511 1608 516 1619 .
555 1609 559 1618 .
597 1607 603 1619 .
640 1608 646 1621 .
684 1609 691 1622 .
751 1555 960 1627 sr.‘l8b.92.
997 1580 1075 1645 pag.
1094 1565 1135 1626 46
1152 1565 1253 1628 etot).

163 1656 290 1727 Strabo
337 1709 689 1726 .........
750 1660 856 1730 1598.
893 1666 1021 1731 testim.
1039 1670 1068 1732 9.

161 1761 303 1832 Plinius
338 1814 690 1830 .........
751 1767 789 1836 ir.
808 1773 857 1836 68.

162 1866 378 1938 Plutarchus
424 1921 691 1937 .......
751 1871 789 1940 fr.
811 1876 947 1941 16-20.
972 1877 1014 1941 ‘22
1028 1877 1085 1956 (1).
1111 1880 1162 1944 28.
1187 1881 1237 1944 33.
1264 1881 1313 1944 34.
1340 1881 1390 1943 35.
1408 1880 1458 1944 43.
1477 1882 1527 1944 81.

856 1982 907 2045 83.
925 1982 974 2045 95.
996 1984 1057 2046 103
1071 1983 1128 2061 (r),
1149 1985 1208 2047 107
1222 1983 1279 2062 (l).
1316 2000 1394 2066 pag.
1414 1984 1463 2047 75.

162 2077 231 2145 Dio
257 2077 560 2165 Chrysostomus.
599 2134 604 2146 .
642 2135 648 2148 .
685 2135 693 2149 .
751 2102 830 2166 pag.
849 2086 899 2149 75.

164 2181 325 2252 Galenus
382 2235 387 2247 .
425 2237 430 2249 .
467 2236 473 2249 .
510 2236 517 2249 .
554 2237 560 2250 .
598 2237 605 2251 .
642 2238 648 2251 .
685 2239 692 2252 .
751 2174 1003 2254 15751113]

164 2287 307 2358 Gellius
338 2338 690 2356 .........
750 2311 830 2376 pag.
849 2295 899 2357 54.

165 2393 329 2463 Clemens
354 2394 648 2465 Alexandrinus.
685 2448 692 2462 .
751 2395 790 2462 fr.
811 2401 859 2464 13.
876 2400 925 2464 65.

165 2496 335 2581 Origenes
381 2546 691 2566 ........
751 2500 791 2568 fr.
811 2505 861 2569 69.

164 2601 388 2689 Porphyrius
424 2653 692 2672 .......
753 2605 791 2673 fr.
810 2610 947 2674 86-90.

164 2705 327 2776 Iulianus
351 2709 563 2795 Apostata.
600 2762 606 2774 .
643 2762 649 2776 .
687 2762 694 2777 .
753 2710 793 2778 fr.
811 2715 862 2776 46.

164 2811 345 2882 Procius.
383 2865 388 2875 .
426 2863 433 2878 .
470 2865 476 2877 .
513 2865 519 2878 .
557 2863 563 2878 .
600 2865 606 2878 .
644 2868 649 2880 .
686 2866 693 2881 .
753 2816 792 2884 fr.
811 2819 861 2905 36.
880 2820 930 2882 41.
950 2821 1000 2882 54.
1019 2822 1069 2884 91.

182 2914 252 2996 Qui
286 2930 424 3004 praeter
457 2918 524 2987 hos
560 2919 783 2991 Heraclidem
817 2919 979 2996 laudant,
1027 2921 1247 2998 Athenaeus,
1292 2920 1538 3009 Hippobotus,

78 3020 259 3105 Diogenes
276 3021 453 3101 Laertius,
470 3023 727 3112 lexicographi,
745 3031 1052 3105 commentatores
1070 3046 1114 3092 ne
1128 3024 1334 3112 Simplicius
1351 3026 1400 3104 (fr.
1415 3033 1465 3094 52.
1480 3032 1532 3104 53)

78 3124 234 3212 quidem,
258 3147 331 3196 non
355 3126 579 3198 Heraclidem
602 3133 721 3217 ipsum
746 3130 882 3200 vidisse
906 3129 1088 3199 iudicandi
1112 3137 1205 3199 sunt.
1266 3130 1392 3199 illucet
1414 3141 1533 3201 autem

76 3229 339 3319 philosophum
364 3242 528 3302 nostrum
552 3255 613 3320 per
636 3242 749 3304 totam
775 3258 882 3322 quam
907 3233 1059 3304 dicimus
1089 3238 1340 3321 antiquitatem
1372 3243 1406 3304 et
1438 3235 1533 3322 apud

78 3334 233 3405 Graecos
258 3346 293 3405 et
316 3336 411 3424 apud
428 3337 613 3408 Romanos
631 3343 840 3410 innotuisse.
878 3339 992 3409 Paulo
1009 3347 1257 3427 postmortem
1275 3344 1350 3409 eius
1367 3339 1532 3409 Timaeus

77 3442 186 3510 etiam
222 3440 447 3511 Heraclidem
481 3444 711 3514 vehementer
747 3449 944 3513 insectatus
980 3453 1043 3522 est,
1079 3466 1159 3512 cum
1195 3448 1229 3514 in
1262 3444 1415 3530 dialogis
1447 3448 1533 3522 eiua,

80 3567 232 3630 quorum
271 3568 377 3616 scena
415 3550 453 3615 in
492 3547 616 3616 Sicilia
649 3547 727 3628 suit,
762 3549 960 3636 permultos
996 3571 1129 3619 errores
1166 3548 1429 3620 demonstrasse
1465 3551 1534 3619 sibi

77 3648 274 3731 videretur;
309 3656 449 3721 censuit
485 3652 636 3739 denique
677 3657 744 3721 Sic:
780 3653 857 3718 ἀλλὰ
888 3653 936 3717 διὰ
960 3652 1064 3725 παντός
1088 3655 1164 3716 ἐστιν
1183 3652 1380 3739 Ἡρακλείδης
1408 3660 1534 3726 τοιοῦτος

77 3755 319 3841 παραδοξολόγος.
365 3757 544 3844 Epicurus
569 3767 604 3825 et
628 3759 794 3844 Epicurei
817 3757 1016 3826 Heraclidis
1045 3762 1247 3827 ‘sententias
1271 3760 1441 3846 physicas
1466 3762 1532 3828 im-

78 3863 307 3949 pugnabant;
343 3860 515 3931 iudicium
550 3885 671 3931 eorum
704 3862 847 3932 Timaeo
880 3884 952 3931 non
985 3862 1078 3931 cedit
1113 3865 1316 3933 acerbitate:
1353 3865 1533 3944 ,Ponticus

80 3965 287 4035 Heraclides
312 3968 510 4052 puerilibus
535 3966 668 4036 fabulis
694 3967 830 4036 refersit
853 3968 985 4037 libros‘.
1034 3970 1083 4035 At
1105 3968 1342 4038 Alexandrini
1367 3968 1531 4037 dictionis

77 4070 309 4140 Heraclideae
334 4070 517 4157 elegantia
540 4081 574 4141 et
598 4074 758 4141 ubertate
782 4071 887 4140 valde
911 4072 1198 4153 delectabantur;
1220 4095 1348 4160 graves
1373 4096 1427 4142 res
1452 4095 1532 4141 eum

80 4176 257 4246 sabulosis
292 4180 427 4246 mixtae
462 4185 548 4245 tuno
583 4181 753 4264 temporis
789 4178 1058 4264 perplaeebcnt:
1103 4181 1278 4264 imprimis
1314 4179 1410 4265 apud
1444 4177 1532 4245 Her·-

79 4285 243 4368 mippum
268 4290 302 4350 et
325 4281 540 4350 Sosieratem
565 4281 771 4352 Heraclides
796 4282 949 4352 multum
986 4282 1145 4351 valuisse
1180 4282 1328 4352 videtur.
1387 4283 1535 4369 Pompei

79 4387 301 4474 temporibus
318 4386 551 4474 Asclepiades
565 4386 724 4456 medicus
738 4387 959 4457 clarissimus
978 4386 1251 4458 fundamentum
1268 4392 1353 4456 artis
1370 4385 1534 4455 medendi

79 4495 118 4561 in
142 4489 341 4560 Heraclidis
367 4490 409 4559 de
427 4493 556 4560 atomis
573 4490 736 4560 doctrina
751 4496 890 4580 posuit;
915 4514 958 4561 ex
976 4515 1046 4580 quo
1064 4502 1145 4580 apte
1168 4493 1382 4579 intelligitur
1399 4497 1535 4579 quanta

80 4598 290 4665 auctoritate
312 4594 525 4665 Platonicus
550 4604 670 4666 noster
692 4597 828 4667 Romae
852 4600 1014 4681 viguerit.
1073 4598 1125 4666 Do
1151 4597 1320 4676 Varrone,
1356 4597 1534 4674 Cicerone,

79 4699 274 4770 Plutarcho
311 4700 510 4770 Heraclidis
546 4703 758 4787 scriptorum
793 4724 866 4772 non
901 4701 1019 4771 solum
1049 4706 1171 4789 peritis
1206 4702 1268 4771 sed
1291 4703 1533 4771 imitatoribus

78 4806 151 4874 iam
176 4803 367 4892 disputavi.

186 4909 261 4979 Nos
285 4914 317 4979 si
341 4911 383 4979 de
413 4912 477 4980 tali
507 4914 582 4981 viro
607 4915 644 4980 in
675 4912 951 4996 fragmentorum
987 4915 1181 4998 exiguitate
1216 4910 1387 4980 iudicium
1422 4912 1534 4980 facere

79 5015 173 5096 licet,
197 5014 360 5087 Ciceroni
384 5019 550 5087 assentiri
580 5038 653 5087 non
677 5018 897 5087 cessabimus
921 5015 1145 5089 Heraclidem
1179 5016 1324 5089 doctum
1357 5018 1532 5107 imprimis
