3570 5574
803 434 845 499 83

100 635 162 704 οὔτ’
178 637 305 724 ἀνθηρὸν
329 633 395 703 ούτε
418 636 518 724 ἱλαρόν
541 640 624 714 ἐστιν,
648 636 724 703 ἁλλὰ
750 637 892 724 αύστηρδν
907 635 956 701 καὶ
981 635 1111 723 σκληρόν,
1135 631 1220 720 όγκον
1236 631 1264 699 δ’
1278 632 1347 723 ἔχον
1363 633 1416 700 ούκ
1432 632 1552 721 ἀγεννῆ·

100 745 144 809 διὸ
168 741 217 809 καὶ
240 750 276 830 τῇ
298 740 446 830 τραγῳδίᾳ
469 742 626 829 προςφιλὴς
649 741 668 826 ἡ
691 741 824 829 ἁρμονία.
868 742 904 806 τοὶ
936 740 969 806 δέ
991 747 1048 805 τῶν
1071 746 1119 805 νῦν
1139 738 1248 804 Ἰώνων
1270 735 1332 825 ἤθη
1356 743 1400 820 (τε
1423 739 1552 809 addere

102 849 181 919 vult
203 849 327 925 Kaib.)
351 845 553 934 τρυφερώτερα
581 845 630 910 καὶ
659 848 734 912 πολὺ
764 845 965 932 παραλλάττον
995 847 1027 911 τδ
1058 852 1108 931 τῆς
1139 843 1277 932 ἁρμονίας
1300 839 1381 929 ἦθος.
1426 841 1497 932 φασὶ
1520 843 1553 908 δέ

105 954 260 1040 Πύθερμον
283 954 330 1017 τδν
353 951 441 1037 Τη”ιόν
464 954 494 1016 έν
517 961 558 1038 τῷ
577 952 652 1037 γένει
675 959 725 1038 τῆς
748 950 887 1039 ἁρμονίας
914 950 1013 1035 [αὐτοῦ
1037 973 1104 1022 om.
1130 950 1177 1018 E:
1208 948 1288 1036 αύτῷ
1308 948 1438 1036 Bergk!
1461 948 1554 1036 τούτῳ

102 1065 223 1143 ποιῆσαι
247 1057 348 1123 σκολιοὶ
380 1055 477 1137 (σκαιοὶ
502 1057 550 1125 A:
586 1079 669 1125 corr.
695 1057 860 1138 Oasaub.)
892 1057 976 1143 μέλη,
1010 1055 1059 1120 καὶ
1095 1056 1143 1121 διὰ
1177 1056 1209 1120 τδ
1245 1055 1318 1119 εἶναι
1351 1054 1399 1120 τὸν
1434 1053 1555 1140 ποιητιὶγν

99 1161 229 1228 Ἰωνικὸν
248 1159 338 1227 Ἰαστὶ
362 1164 507 1245 κληθῆναι
530 1161 581 1246 τὴν
603 1160 750 1247 ἁρμονίαν.
796 1157 880 1235 οὑτύς
902 1164 963 1227 ἐστι
986 1160 1141 1247 Πύθερμος
1169 1155 1204 1224 οὑ
1235 1159 1408 1245 μνημονεύει
1429 1158 1556 1231 ’Λνάνιυς

104 1264 122 1332 t
142 1265 288 1340 Ἱππῶναξ
312 1269 342 1330 ἓν
365 1269 422 1338 τοῖς
442 1263 570 1352 Ἰάμβοις
587 1316 593 1329 ·
610 1315 616 1330 ·
634 1317 640 1330 ·
661 1267 824 1349 <hiatum
849 1276 951 1338 notat
974 1266 1098 1337 Kaib.:
1123 1263 1197 1347 καὶ)
1218 1267 1248 1328 ἐν
1271 1259 1354 1352 άλλιμ
1377 1260 1481 1338 οὑτως·

466 1389 573 1476 χρυσὸν
596 1388 674 1473 λέγει
698 1388 852 1475 Πύθερμος
875 1388 914 1463 ὡς
936 1387 1020 1454 οὐδέν
1043 1383 1144 1453 τάλλα.

105 1513 184 1599 λέγει
206 1510 234 1575 δ’
249 1508 341 1583 ούτως
364 1509 379 1574 ὁ
406 1509 572 1596 Πύθερμος·

467 1631 551 1696 ούδέν
574 1628 609 1718 ἧν
632 1629 691 1719 ἄρα
713 1629 806 1698 τάλλα
829 1634 904 1716 πλὴν
930 1632 990 1715 (ὁ)
1011 1631 1126 1721 γρυσύς.

107 1756 210 1824 ούκοδν
232 1753 281 1820 καὶ
304 1755 378 1819 κατὰ
402 1760 501 1819 τοῦτον
524 1754 572 1819 τδν
595 1755 680 1840 λόγον
703 1756 825 1820 πιθανόν
849 1758 909 1820 ἐστι
929 1755 977 1819 τὸν
996 1755 1150 1842 Πύθερμον
1167 1757 1280 1819 ἐκεῖθεν
1296 1749 1364 1818 όντα
1380 1752 1561 1837 ποιήσασθαι

106 1864 158 1946 την
181 1860 298 1946 ἀγωγὴν
320 1865 378 1924 τῶν
402 1864 498 1944 μελιδν
521 1858 719 1945 ἁρμόττουσαν
742 1865 799 1933 τοῖς
822 1856 909 1945 ἤθεσι
931 1866 987 1923 τῶν
1008 1858 1124 1924 Ἰώνων.
1159 1859 1259 1946 διόπερ
1284 1857 1481 1944 ὑπολαμβάνω
1504 1855 1561 1943 οὑχ

108 1965 247 2054 ἁρμονίαν
271 1964 344 2028 εῖναι
366 1964 417 2048 τὴν
437 1963 536 2039 Ἰαστί,
567 1963 670 2050 τρόπον
701 1966 733 2028 δέ
762 1991 825 2030 τινα
861 1967 1030 2050 θαυμαστὸν
1065 1965 1214 2053 σχήματος
1245 1963 1391 2051 ἁρμονίας.
1406 1965 1427 2043 ¹)
1473 1987 1562 2027 κατα·

108 2070 265 2158 φρονητέον
295 2064 345 2133 οὖν
373 2074 430 2132 τιδν
456 2069 508 2141 τοὶς
531 2068 582 2153 μὲν
606 2067 670 2134 κατ’
687 2069 761 2142 εἶδος
792 2071 933 2156 διαφορὰς
967 2069 1002 2134 ού
1036 2071 1202 2155 δυναμένων
1236 2071 1367 2156 θεωρεῖν,
1403 2071 1563 2133 ἐπακολου-

111 2177 239 2241 θούντων
267 2173 300 2238 δέ
328 2179 364 2259 τῇ
394 2179 451 2236 τῶν
485 2173 622 2259 φθόγγων
657 2173 768 2257 ὀξύτητι
803 2172 852 2238 καὶ
886 2174 1024 2260 βαρύτητι
1055 2172 1103 2259 καί
1134 2175 1293 2260 τιθεμένων
1328 2170 1563 2259 ὑπερμιξολύδιον

110 2279 249 2368 ἁρμονίαν
272 2276 321 2343 καὶ
343 2277 430 2364 πάλιν
455 2276 525 2363 ὑπέρ
548 2278 654 2362 ταύτης
677 2273 777 2363 α’ίλλην.
823 2277 880 2366 ούχ
903 2278 962 2364 ὁρῶ
992 2279 1048 2365 γὰρ
1078 2278 1147 2344 οὐδὲ
1181 2281 1232 2364 τήν
1267 2277 1458 2365 ὑπερφρύγιον
1491 2273 1564 2340 ἴδιον

111 2386 237 2474 ἔχουσαν
270 2379 356 2468 ἦθος·
390 2380 484 2447 καιτοί
519 2383 591 2455 τινές
625 2408 712 2469 φασιν
744 2379 836 2467 άλλην
871 2385 1055 2469 ἐξευρηκέναι
1088 2384 1190 2467 καινὴν
1224 2381 1364 2469 ἁρμονίαν
1400 2381 1455 2446 ὑπὸ
1488 2381 1564 2465 (τήν

113 2489 323 2578 ὑπερ>φρύγιον
359 2489 484 2566 (verba
517 2491 675 2556 restituit
697 2487 870 2570 Wilam.).
911 2486 1009 2552 δεῖδὲ
1032 2489 1083 2570 τὴν
1107 2485 1245 2574 ἁρμονίαν
1269 2487 1343 2561 εἶδος
1368 2486 1448 2576 ἔχειν
1472 2481 1563 2570 ἤθους

111 2593 131 2681 ἢ
154 2595 275 2666 πόθους,
298 2592 434 2679 καθάπερ
457 2590 477 2676 ἡ
501 2591 649 2678 Λοκριστί·
681 2592 772 2677 ταύτη
795 2592 851 2678 γὰρ
875 2591 944 2656 ἔνιοι
966 2599 1023 2656 τῶν
1046 2593 1207 2678 γενομένων
1230 2593 1304 2657 κατὰ
1329 2589 1493 2677 Σιμωνίδην
1515 2586 1565 2654 καὶ

114 2699 255 2785 Πίνδαρον
278 2697 441 2786 ἐχρήσαντό
464 2722 543 2773 ποτε,
577 2695 627 2761 καὶ
661 2698 747 2762 πάλιν
777 2697 993 2783 κατεφρονήθη.
1038 2697 1120 2784 Τρεῖς
1154 2692 1203 2762 οὑν
1238 2693 1332 2773 αὑται,
1367 2694 1502 2780 καθάπερ
1536 2696 1565 2768 ἐξ

113 2804 208 2892 ἀρχῆς
232 2801 349 2887 εἴπομεν
373 2801 446 2865 εἶναι
470 2800 615 2887 ἁρμονίας,
640 2798 695 2866 ’ύσα
718 2799 766 2866 καὶ
790 2802 826 2867 τοὶ
850 2800 930 2884 ἔθνη.
974 2802 1025 2886 τὴν
1059 2802 1091 2866 δὲ
1123 2799 1260 2887 Φρυγιστὶ
1294 2798 1343 2865 καὶ
1373 2800 1425 2884 την
1449 2796 1565 2865 Λυδιστί

113 2910 193 2994 παρὰ
216 2913 272 2972 τῶν
296 2906 450 2992 βαρβάρων
473 2901 561 2978 ούσας
594 2910 760 2991 γνωσθῆναι
793 2909 850 2979 τοῖς
874 2902 1019 2990 Ἵὶλλησιν
1051 2906 1108 2971 άπὸ
1144 2912 1200 2970 τῶν
1234 2905 1284 2970 σὺν
1320 2905 1430 2969 Πέλοπι
1464 2906 1566 2967 κατελ-

114 3014 223 3078 θόντων
241 3012 280 3084 εἷς
296 3011 347 3095 την
369 3010 589 3094 Πελοπόννησον
605 3013 729 3097 Φρυγῶν
750 3008 799 3075 καὶ
823 3013 932 3076 Λυδῶν.
968 3009 1055 3076 Λυδοὶ
1073 3011 1124 3096 μέν
1140 3011 1195 3096 γὰρ
1212 3009 1291 3095 αὐτῷ
1310 3006 1567 3092 συνηκολούθησαν

114 3118 162 3182 διὰ
185 3117 217 3181 τὸ
240 3117 291 3200 τὴν
315 3114 446 3200 Σίπυλονζ
469 3115 541 3179 εἶναι
572 3121 622 3199 τῆς
646 3113 768 3188 Λυδίας·
802 3114 916 3200 Φρύγες
944 3115 976 3180 δέ
1005 3114 1061 3203 οὐχ
1088 3112 1131 3179 ότι
1159 3115 1348 3200 ὁμοτέρμονες
1376 3114 1433 3184 τοῖς
1464 3115 1567 3184 Λυδοῖς

115 3224 194 3297 εἰσιν,
228 3219 296 3285 ἀλλ’
323 3216 366 3283 ότι
400 3216 448 3283 καὶ
484 3219 583 3284 αύτῶν
617 3216 708 3307 ἦρχεν
742 3221 757 3284 ὁ
792 3220 947 3292 Ὶόίνταλος.
1004 3218 1075 3293 ἴδοις
1099 3219 1126 3283 δ’
1142 3217 1176 3284 άν
1199 3217 1247 3283 καὶ
1271 3224 1320 3302 τῆς
1345 3217 1567 3300 Πελοποννήσου

113 3331 273 3414 πανταχοῦ,
298 3325 423 3410 μάλιστα
446 3323 473 3388 δ’
489 3327 518 3389 ἐν
544 3325 740 3409 Λακεδαίμονι
763 3325 890 3411 χώματα
919 3324 1041 3409 μεγάλα,
1076 3321 1094 3388 ἁ
1130 3330 1252 3388 καλοῦσι
1282 3322 1392 3408 τάφους
1414 3328 1472 3386 τῶν
1495 3321 1567 3407 μετὰ

116 3432 246 3503 Πέλοπος
270 3430 406 3516 Φρυγῶν·
431 3432 535 3514 μαθεῖν
559 3425 608 3494 οὑν
631 3430 682 3502 τὰς
705 3429 844 3515 ἁρμονίας
867 3430 973 3502 ταύτας
996 3431 1062 3501 τούς
1078 3426 1229 3512 Ἕλληνας
1252 3428 1331 3513 παρὰ
1362 3427 1478 3491 τούτων.
1523 3425 1568 3489 διδ

116 3535 165 3600 καὶ
188 3535 332 3617 Τελέστης
356 3533 371 3597 ὁ
396 3533 590 3606 Σελινούντιός
613 3559 700 3620 φησι·

424 3645 531 3724 πρῶτοι
553 3639 632 3724 παρὰ
656 3645 802 3724 κρατῆρας
821 3638 976 3722 Ἑλλήνων
999 3641 1028 3702 ἐν
1052 3637 1150 3709 αύλοῖς

427 3742 582 3808 συνοπαδοὶ
606 3743 738 3817 Πέλοπος
762 3745 880 3830 Ματρὸς
904 3742 1000 3830 ὀρείας

426 3847 552 3933 Φρύγιον
576 3843 678 3912 ἄεισαν
701 3849 802 3933 νόμον·

425 3956 482 4025 τοῖς
505 3952 532 4016 δ’
559 3951 611 4034 (τοὶ
635 3951 663 4016 δ’
690 3953 842 4036 Musur.)
866 3951 1007 4039 ὀξύρωνοι
1031 3950 1197 4038 (ὀξυφώνοις
1222 3952 1270 4019 Λ;
1308 3973 1393 4022 corr.
1415 3949 1571 4027 Wilam.)

530 4055 675 4140 πηκτίδων
699 4056 809 4144 ι’ραλμοὶ
833 4058 934 4144 κρέκον

427 4160 533 4226 Λύδιον
557 4159 651 4246 ύμνον.

326 4303 455 4371 Athen.
481 4301 517 4369 X
540 4307 634 4370 4550
659 4302 718 4385 (ex
743 4300 915 4370 Clearcho
940 4300 1116 4375 Solensi):

221 4420 271 4487 καὶ
305 4421 320 4486 ἁ
355 4425 395 4496 εἰς
428 4424 479 4506 τὴν
521 4423 661 4510 Δήμητρα
702 4423 735 4488 δέ
776 4422 826 4486 τὶν
865 4425 894 4487 έν
923 4421 1068 4508 Ἑρμιόνη
1109 4419 1242 4506 ποιηθεὶς
1283 4426 1324 4507 τῷ
1357 4420 1447 4507 Λάσῳ
1488 4415 1619 4505 ύμνοςῑ)

119 4525 239 4614 ἄσιγμός
263 4530 346 4605 ἐστιν,
377 4524 414 4600 ὥς
437 4553 524 4614 φησιν
551 4525 809 4614 Ἡρακλείδης
844 4525 860 4590 ὑ
896 4527 1080 4598 Ποντικδξ
1113 4528 1150 4589 ἐν
1185 4524 1295 4611 τρίτῳ
1325 4523 1410 4612 περὶ
1439 4548 1576 4611 μουσι-

118 4638 199 4709 κός,
223 4627 257 4697 οὑ
281 4634 356 4696 ἐστιν
379 4630 472 4719 ἀρχή·

430 4735 572 4822 Δάματρα
597 4737 698 4821 μέλπω
724 4736 822 4822 Κόραν
846 4760 877 4800 τε
902 4733 1060 4820 Κλυμένοι’
1087 4730 1205 4821 άλοχον.

223 4930 246 4998 ¹)
274 4945 396 4987 sensum
428 4927 558 4999 corrupti
586 4925 733 4986 enuntiati
761 4926 805 4985 sic
831 4925 963 4985 restituit
988 4924 1089 4982 Kaib.:
1125 4941 1184 4981 non
1211 4920 1299 4980 credo
1327 4919 1481 4991 Pythermi
1509 4920 1576 4979 har·

120 5016 249 5075 moniam
275 5033 341 5076 osse
371 5033 436 5075 eam
464 5033 540 5087 quae
567 5013 665 5073 ionica
692 5013 811 5084 dieitur,
841 5013 892 5072 sed
920 5013 991 5071 inde
1020 5011 1185 5069 derivamm
1214 5010 1289 5067 miro
1325 5007 1454 5078 quodam
1489 5006 1576 5066 modo

120 5109 210 5182 σχῆμα
235 5102 369 5180 ἁρμονίας.
