3570 5574
795 427 837 492 ao

88 632 184 695 ἐλθεῖν
215 630 254 700 εἰς
281 624 422 711 Αἴγυπτον
451 627 559 712 ἱστορεῖ
585 633 644 692 κτλ.
689 630 730 697 cf.
755 650 787 718 p.
816 636 893 697 100:
929 629 1095 713 θαυμαστὸς
1129 626 1162 692 δὲ
1191 629 1265 692 κατὰ
1289 627 1382 695 πάντα
1414 631 1490 694 ἐστίν
1524 629 1540 695 ὃ

90 733 288 807 ΙΙοσειῦιόνιος,
322 733 371 795 τὸν
397 730 457 816 μὲν
491 738 542 797 τοι]
576 731 669 816 μάγου
704 731 867 817 περίπλουν,
903 729 934 797 ὃν
954 731 1219 819 Ἡρακλείδης
1254 732 1341 810 εἶπεν,
1376 733 1539 822 ἀμάρτυρον

87 837 214 921 νομίσας,
249 833 298 899 καί
333 833 429 898 αὐτῶν
460 840 516 898 τῶν
551 835 605 900 ὑπὸ
642 835 765 921 Δαρείου
805 837 990 923 πεμφθέτων,
1030 834 1062 902 ὃν
1099 836 1258 923 Ἡρόδοτος
1293 838 1406 924 ἱστορεῖ,
1441 839 1472 902 τὸ
1507 838 1540 904 δὲ

91 941 230 1026 Βεργαῖον
264 940 393 1024 διήγημα
431 945 514 1004 τοῦτο
552 943 582 1004 ἐν
620 939 743 1013 πίστεως
781 942 862 1028 μέρει
899 940 997 1017 τιθείς,
1033 939 1091 1006 εἴθ’
1125 940 1174 1006 ὑπ’
1206 940 1296 1006 αὐτοῦ
1329 945 1539 1029 πεπλασμένον,

89 1043 141 1109 εἴτ’
158 1041 255 1109 ἄλλων
278 1043 450 1108 πλασάντων
472 1043 643 1117 πιστευθείς.
700 1044 819 1124 Recte,
855 1053 896 1114 ut
919 1047 1008 1115 mihi
1043 1046 1193 1127 videtur,
1228 1068 1307 1116 cum
1342 1049 1410 1117 hoc
1435 1048 1537 1118 Posi·

88 1150 187 1219 donli
222 1152 350 1218 nuntio
385 1152 615 1233 coniungitur
646 1150 741 1218 Plut.
779 1149 1036 1232 adv.Ool.14‚
1072 1152 1134 1220 ubi
1170 1151 1370 1221 Heraclidis
1405 1154 1539 1223 librum

88 1256 333 1336 ,Zoroastrem‘
358 1251 478 1332 affert3
513 1254 609 1323 hunc
633 1257 742 1338 igitur
766 1254 1033 1324 nobilissimum
1057 1278 1202 1340 magum
1227 1254 1433 1327 Heraclides
1458 1264 1540 1325 ante

89 1359 262 1427 Gelonem
287 1357 448 1445 aliosque
472 1357 718 1444 Syracusanos
754 1363 1069 1429 circumvecturam
1104 1369 1305 1430 narrantem
1339 1361 1476 1445 lecerat,
1507 1370 1541 1430 et

87 1487 169 1533 cum
193 1484 331 1548 magus
356 1463 521 1532 simiIiter
545 1472 650 1550 atque
674 1464 816 1543 Abaris,
851 1462 960 1550 longa
996 1487 1035 1533 ac
1066 1469 1236 1535 contiuua
1267 1470 1425 1536 oratione
1449 1489 1539 1554 quae

87 1573 126 1638 in
143 1572 267 1639 Itinere
290 1589 385 1636 nova
402 1577 508 1655 atque
532 1567 694 1636 inaudita
710 1568 847 1637 viderat
863 1573 1073 1656 exposuisse
1090 1570 1262 1648 videatur,
1280 1571 1366 1639 haec
1383 1575 1539 1641 narratio

88 1682 216 1761 postea
240 1673 434 1758 singularis
457 1672 548 1742 liber
565 1695 582 1740 e
602 1679 677 1741 toto
699 1694 802 1760 opere
819 1674 960 1743 solutus
978 1679 1124 1744 exstitit.
1161 1675 1215 1744 De
1231 1674 1301 1744 fide
1324 1679 1539 1745 narrationis

87 1777 318 1847 Heraclideae
343 1777 436 1846 idem
454 1775 589 1846 iudicat
605 1777 823 1847 Posidonius
841 1777 1016 1864 (ἀμάρτυρα)
1033 1799 1072 1846 ae
1090 1778 1132 1848 de
1150 1780 1306 1850 Abaride
1323 1778 1539 1849 Plutarchus

88 1882 172 1968 (Ἤρ.
196 1884 331 1967 μυθώδης
354 1879 403 1945 καὶ
426 1879 631 1966 πλασματίας).
647 1881 668 1959 ¹)

155 1986 401 2071 ‘Adiungam
438 1996 569 2055 ceteras
605 1985 806 2055 Heraclidis
842 1991 1038 2056 sententias
1072 1989 1252 2076 physicas.
1312 1987 1391 2070 Qua
1429 1993 1465 2059 in
1505 2012 1541 2058 re

88 2095 295 2161 meminisse
333 2095 434 2160 iuvat
468 2090 718 2178 Asclepiadem
759 2090 969 2179 Bithynum,
1007 2093 1184 2162 medicum
1218 2093 1353 2164 Romae
1391 2094 1540 2181 Pompei

88 2197 313 2283 temporibns
337 2195 615 2273 celeberrimum,
639 2192 837 2264 Heraclidis
868 2196 1065 2267 doctrinam
1097 2197 1140 2266 de
1175 2202 1302 2267 atomis
1340 2220 1428 2285 quas
1464 2202 1541 2285 ipse

89 2302 150 2369 hie
184 2295 285 2384 ὄγκους
319 2302 541 2376 nomtnabat,
576 2321 653 2368 esse
688 2307 849 2370 secutum
882 2303 937 2383 (cf.
965 2301 1063 2386 irgm.
1090 2308 1131 2370 55
1155 2309 1268 2385 extr).
1328 2303 1400 2373 Ubi
1432 2305 1542 2388 igitur

87 2409 243 2489 vestigia
276 2406 385 2473 huius
421 2405 601 2474 doctrinae
636 2403 732 2490 apud
767 2405 1018 2494 Asclepiadem
1053 2410 1268 2490 invenimus
1305 2417 1426 2478 nostro
1466 2411 1541 2475 iure

91 2509 342 2597 Asclepiadem
356 2508 603 2579 Heraclideam
621 2514 833 2579 sententiam
851 2510 1004 2596 prolerre
1021 2519 1228 2580 statuemus.
1267 2512 1398 2597 Egerat
1417 2510 1540 2581 Ascle-

87 2614 214 2703 piades
239 2614 281 2682 de
305 2615 403 2682 hisce
427 2615 531 2684 rebus
564 2618 599 2682 in
626 2613 718 2684 libro
743 2613 806 2700 περὶ
838 2613 989 2702 στοιχείων
1013 2617 1138 2685 Galen.
1164 2617 1277 2687 1487.
1303 2615 1443 2686 XVIlb
1470 2621 1540 2685 162.

88 2721 143 2788 De
174 2718 387 2806 Asclepiade
422 2718 621 2787 Heraclidis
657 2727 828 2789 sectatore
863 2721 903 2788 ef.
930 2720 1034 2789 1111.
1061 2720 1246 2808 Gumpert,
1278 2721 1419 2806 Asclep.
1445 2720 1540 2788 Bith.

90 2822 362 2909 frangimar.
391 2828 474 2892 1794
497 2845 529 2910 p.
555 2828 604 2892 60.
653 2822 847 2904 Susamihl,
872 2825 927 2893 Al,
953 2825 993 2892 L.
1020 2825 1061 2894 G.
1088 2827 1122 2894 ll
1144 2848 1177 2913 p.
1202 2833 1275 2896 491.

299 3003 378 3066 Aet.
404 2996 499 3066 Plac.
524 2997 559 3066 II
584 3005 613 3076 1,
636 3002 657 3065 5
679 3019 711 3085 p.
737 3003 800 3066 328
817 2998 865 3065 D:

199 3120 338 3192 Σέλευκος
362 3118 377 3183 ὁ
398 3117 573 3205 Ἐρυθραῖος
601 3116 649 3182 καὶ
674 3118 714 3183 ‘ll
725 3118 933 3205 ρακλείῦης
961 3120 977 3185 ὁ
1003 3122 1186 3194 ΙΙοντικός
1209 3117 1328 3207 ἄπειρον
1356 3121 1404 3184 τὸν
1427 3119 1542 3204 κόσμον.
1564 3125 1609 3197 57

300 3296 377 3362 A'et.
403 3292 497 3362 Plac.
523 3293 557 3360 ll
583 3298 632 3372 13,
659 3294 906 3380 reparari:

191 3413 439 3500 ζΙΙρακλείόης
463 3413 511 3478 καὶ
535 3414 561 3478 οί
587 3414 782 3500 Πυθαγόρειοι
806 3417 929 3479 ἕκαστον,
954 3421 1011 3478 τῶν
1040 3414 1170 3501 ἀστέρων
1194 3415 1301 3500 κόσμον
1326 3414 1468 3502 ὑπάρχειν
1491 3420 1543 3499 γῆν
1564 3419 1612 3490 58

89 3518 198 3602 (γήινον
223 3523 311 3588 coni,
336 3519 465 3599 Roeth)
488 3519 660 3605 περιέχοντα
685 3519 837 3606 (ὑπάρχειν
868 3520 1040 3607 περιέχοντα
1064 3520 1106 3598 Ε)
1135 3519 1210 3606 οίὲρα
1239 3544 1270 3583 τε
1301 3518 1349 3584 καὶ
1378 3520 1483 3605 αἰθέρα
1514 3522 1543 3583 ἐν

90 3629 133 3708 τῷ
152 3621 266 3709 ἀπείρῳ
290 3625 386 3709 αἰθέρι
411 3633 494 3701 (om.
521 3625 567 3692 E:
600 3625 734 3694 Dielsio
759 3627 887 3694 Aetius
912 3627 1097 3711 scripsisse
1122 3625 1261 3694 videtur
1284 3622 1333 3687 καὶ
1357 3623 1431 3709 ἀέρα
1454 3627 1484 3688 ἐν
1507 3629 1548 3708 τῷ

89 3725 204 3812 ἀπείρῳ
227 3728 345 3814 αἰθέρι).
390 3734 482 3792 ταῦτα
512 3729 544 3793 δὲ
579 3729 613 3793 τοί
649 3728 779 3813 δόγματα
814 3731 844 3792 ἐν
878 3733 935 3801 τοῖς
968 3727 1116 3814 Ὀρφικοῖς
1151 3729 1270 3814 φέρεται
1294 3728 1461 3814 (ἐμφέρεται
1486 3728 1544 3805 E)-

89 3839 299 3915 κοσμοποιοῦσι
322 3835 377 3918 γὰρ
400 3835 548 3917 (lA)BC:
575 3858 632 3904 om
658 3833 735 3917 GE)
759 3835 878 3897 ἕκαστον
901 3839 958 3897 τῶν
981 3832 1118 3920 ἀστέρων.

199 4006 355 4075 Chalcid.
382 4011 418 4076 ln
443 4008 534 4076 Plet.
560 4007 646 4077 Tim.
675 4016 736 4077 109
761 4004 828 4080 (ed.
856 4006 1049 4090 Mullacht:

198 4128 360 4217 Deanue
383 4129 648 4198 Heraclides
679 4130 897 4198 Ponticus
928 4151 1009 4198 cum
1034 4128 1204 4198 circulum
1229 4128 1384 4197 Luciferi
1408 4126 1539 4196 deseri-
1566 4128 1613 4200 ὅθ

93 4233 200 4312 beret,
225 4236 308 4302 item
332 4234 440 4313 Solis
469 4246 502 4303 et
526 4257 637 4303 unum
666 4241 841 4321 punctum
872 4244 977 4319 atque
1007 4255 1115 4302 unam
1144 4232 1370 4302 medietatem
1400 4230 1542 4300 duobus

94 4336 193 4406 daret
226 4338 379 4419 circulis,
413 4339 671 4408 demonstravit
705 4347 746 4406 ut
778 4337 955 4407 interdum
988 4339 1127 4408 Lucifer
1157 4340 1327 4424 superior,
1362 4335 1541 4405 interdum

92 4442 235 4511 inferior
270 4443 353 4512 Sole
387 4444 458 4512 fiat.
518 4445 580 4512 Ait
615 4446 721 4521 enim,
755 4450 790 4510 et
825 4442 946 4512 Solem
981 4455 1015 4512 et
1044 4444 1185 4511 Lunam
1218 4450 1252 4509 et
1274 4440 1477 4509 Luciferum
1511 4445 1546 4507 et

94 4567 216 4615 omnes
240 4548 415 4634 planetas,
442 4549 502 4617 ubi
526 4569 647 4615 eorum
672 4551 822 4634 quisque
846 4551 903 4624 sit,
929 4568 1000 4616 una
1022 4547 1119 4616 linea
1144 4568 1165 4614 a
1187 4554 1320 4632 puncto
1345 4555 1456 4613 terrae
1479 4565 1542 4631 per

95 4660 266 4736 punctum
293 4651 419 4722 stellae
442 4660 594 4721 exeunte
618 4649 861 4720 demonstrari.

198 4863 219 4928 ¹)
237 4862 370 4930 Apparet
388 4877 436 4917 me
455 4876 513 4916 uon
532 4857 654 4928 probare
673 4856 838 4914 Boelrlrium
859 4857 878 4915 l.
897 4858 915 4914 l.
934 4877 963 4926 p.
984 4863 1032 4914 139
1058 4857 1089 4914 in
1108 4856 1206 4914 verbis
1225 4854 1359 4928 παρελθών
1379 4875 1416 4914 τις
1435 4855 1480 4919 (lr.
1500 4856 1545 4921 49)

94 4947 283 5008 Heraclidem
303 4947 403 5016 ipsum
423 4944 514 5003 latere
533 4943 724 5001 iudicantem.
762 4944 937 5002 Heraclides
955 4961 1105 5012 nusquam
1124 4961 1156 5001 se
1175 4943 1273 5013 ipsum
1293 4940 1546 5009 intellectualem,

95 5035 192 5106 quoad
211 5035 334 5101 scimus,
353 5032 438 5102 secit;
458 5031 549 5089 immo
568 5031 605 5088 cl.
625 5029 685 5087 Cic.
704 5030 741 5088 ad
760 5032 821 5089 Att.
841 5029 917 5089 XIII
930 5036 969 5088 19.

1322 5155 1339 5209 θ
