3570 5574
786 416 826 484 dl

85 638 229 704 quoque
274 615 388 700 legem
435 636 456 683 a
500 615 691 686 Pisistrato
737 638 814 684 esse
859 615 1055 693 conditam,
1105 614 1285 684 Heraclidi
1331 615 1531 686 oblocutus.

81 719 297 808 Temporum
332 722 636 805 computationem
672 719 871 790 Heraclidis
911 721 965 802 (fr.
1002 725 1059 802 20)
1094 724 1246 789 correxit
1279 719 1464 806 popularis
1500 727 1535 789 et

78 822 353 912 condiscipulus
377 821 616 909 Theophrasti
639 822 808 893 Phanias.

545 994 608 1064 XI.
639 995 730 1082 Περὶ
753 996 999 1082 νομισμάτων
1023 995 1067 1060 A'.

714 1117 778 1186 DL
800 1117 835 1184 V
850 1122 901 1187 87.

288 1238 408 1309 Orion.
433 1238 552 1325 Etym.
577 1261 609 1326 ρ.
637 1245 709 1308 118·
736 1244 785 1308 li.

183 1364 297 1447 πρῶτος
320 1359 353 1424 δὲ
376 1359 492 1422 πάντων
514 1358 631 1424 Φείδων
659 1358 784 1445 Ἀργεῖος
814 1358 941 1444 νόμισμα
971 1359 1076 1447 ἔκοψεν
1106 1363 1136 1424 ἐν
1161 1359 1273 1446 Αἰγίνη,
1304 1361 1352 1426 καί
1383 1364 1479 1437 διδοῦς
1502 1366 1534 1428 τδ
1555 1363 1603 1432 22

83 1465 221 1550 νόμισμα,
251 1466 301 1528 καί
324 1463 481 1549 ἀναλαβὼν
503 1465 569 1537 τοῦς
591 1462 768 1549 ὀβελίσκους,
797 1461 926 1547 ἀνέθηκε
948 1470 985 1550 τῇ
1006 1467 1037 1529 ἐν
1053 1460 1150 1551 Ἄργει
1165 1462 1265 1551 Ἥρᾳ·
1295 1469 1398 1549 ἐπειδη
1420 1469 1485 1533 τότε
1508 1469 1535 1533 οί

80 1568 232 1656 ὀβελίσκοι
254 1570 307 1652 τὴν
327 1571 414 1656 χεῖρα
438 1567 590 1654 ἐπλήρουν,
618 1568 746 1632 τουτέστι
768 1567 819 1651 τὴν
842 1567 945 1652 δράκα,
976 1567 1068 1655 ἡμεῖς,
1097 1568 1201 1656 καίπερ
1224 1571 1265 1656 μή
1288 1577 1463 1658 πληροῦντες
1484 1576 1535 1658 την

80 1677 171 1761 χεῖρα
194 1677 252 1746 τοῖς
275 1674 305 1747 ἓξ
328 1666 451 1759 ὀβολοῖς,
474 1672 610 1760 δραχμὴν
633 1670 724 1756 αὐτὴν
747 1673 875 1756 λέγομεν,
900 1673 979 1759 παρὰ
996 1673 1028 1736 τδ
1044 1673 1215 1759 δράξασθαι.
1259 1672 1328 1740 ’ὅθεν
1351 1675 1393 1741 ἔτι
1416 1676 1465 1742 καὶ
1487 1684 1535 1742 νῦν

77 1777 279 1865 ὀβολοστάτην
309 1780 455 1862 καλοῦμεν
486 1777 534 1840 τδν
562 1775 702 1857 τοκιστήν,
733 1777 835 1860 ἐπειδὴ
865 1780 1005 1862 σταθμοῖς
1028 1777 1094 1850 τοῦς
1117 1777 1284 1865 ὀβελίσκους
1312 1779 1485 1867 παρεδίδουν
1506 1783 1534 1847 οἱ

75 1882 213 1970 ἀρχαῖοι·
236 1879 328 1953 οὕτως
347 1880 612 1968 Ἡρακλείδης
635 1879 651 1944 ὁ
677 1880 864 1954 ΙΙόντικάς.

289 2055 383 2126 Plut.
408 2056 491 2142 Lys.
520 2062 569 2125 li.

185 2178 342 2243 κινδυνεύει
364 2176 397 2242 δὲ
420 2175 469 2241 καί
492 2178 523 2242 τδ
547 2177 669 2262 πάμπαν
692 2174 815 2263 ἀρχαῖον
838 2171 930 2246 οὕτως
954 2174 1042 2262 ἔχειν,
1066 2175 1226 2262 ὀβελίσκοις
1248 2180 1409 2266 χρωμένων
1438 2179 1535 2265 νομίσ-

76 2308 153 2368 μασι
180 2285 316 2367 σιδηροῖς,
338 2279 422 2345 ἐνίων
444 2280 477 2345 δὲ
500 2284 635 2369 χαλκοῖς·
658 2278 707 2367 ἀφ’
726 2276 763 2344 ὧν
786 2279 947 2365 παραμένει
970 2283 1082 2363 πλῆθος
1105 2279 1147 2346 ἔτι
1170 2281 1219 2347 καί
1242 2289 1291 2347 νῦν
1306 2289 1360 2348 τῶν
1382 2284 1535 2370 κερμάτων

75 2385 204 2473 ὀβολούς
226 2388 390 2464 καλεῖσθαι,
413 2386 548 2472 δραχμὴν
571 2384 604 2449 δὲ
627 2385 692 2457 τοῦς
715 2386 744 2459 ἓξ
768 2383 905 2469 ὀβολούς·
933 2382 1076 2447 τοσσάτιον
1098 2386 1154 2472 γὰρ
1176 2386 1196 2470 ἡ
1218 2386 1284 2474 χείρ
1307 2390 1534 2476 περιεδράττετο.

616 2559 697 2627 ΧΠ.
733 2558 930 2642 Συνθῆκαι
958 2555 1003 2620 A‘.

714 2680 779 2748 DL
803 2679 836 2747 V
852 2686 903 2751 87.

291 2768 422 2837 Athen.
447 2767 517 2836 XV
534 2774 634 2837 idle.

187 2889 353 2977 (Κλέαρχος
376 2888 391 2954 ὀ
415 2890 523 2962 Σολεύς
546 2892 577 2954 ἐν
599 2895 640 2975 τῷ
659 2889 789 2975 προτέρῳ
811 2887 875 2975 περί
899 2898 1059 2977 παροιμιῶν
1081 2896 1175 2979 ωηεν)

186 2995 219 3058 τδ
242 2993 275 3058 δὲ
306 2992 352 3080 ὑφ’
374 2992 635 3080 Ἡρακλείδου
665 2999 730 3057 τοῦ
765 2993 949 3060 Ποντικοῦ
983 2996 1090 3083 λεχθὲν
1119 3002 1251 3082 φανερῶς
1281 2997 1452 3074 πέπλασται,
1487 2997 1534 3064 ἐπί
1554 2993 1603 3067 23

76 3101 217 3172 σπονδαῖς
239 3104 323 3162 τοῦτο
346 3105 459 3184 πρῶτον
482 3100 522 3172 είς
544 3097 602 3186 τρίς
626 3099 716 3162 εἰπεῖν
739 3097 787 3160 τδν
812 3098 880 3162 θεὸν
903 3096 1008 3172 ούτως·

541 3221 571 3304 ir]
593 3218 691 3295 παιάν,
714 3219 745 3303 tr]
768 3218 866 3296 παιάν,
889 3220 937 3305 <iri
960 3221 1076 3302 παιάν).

77 3344 116 3405 ἐκ
138 3340 244 3425 ταύτης
266 3342 321 3428 γὰρ
336 3348 387 3426 τῆς
402 3341 525 3414 πίστεως
541 3341 573 3406 τδ
589 3339 736 3427 τρίμετρον
751 3340 929 3427 καλούμενον
944 3341 1099 3426 ἀνατίθησι
1114 3349 1156 3428 τῷ
1169 3348 1237 3428 θεῷ,
1259 3343 1380 3430 φάσκων
1395 3349 1446 3408 τοῦ
1463 3346 1534 3409 θεοῦ

76 3443 166 3509 τοῦθ’
198 3445 334 3532 ἑκάτερον
372 3446 445 3511 εἶναι
479 3454 535 3510 τῶν
569 3446 689 3530 μέτρων,
728 3441 771 3508 δτι
806 3453 923 3532 μακρῶν
962 3447 1014 3531 μὲν
1048 3454 1105 3512 τῶν
1138 3447 1262 3534 πρῶτων
1295 3447 1348 3512 δύο
1383 3450 1534 3534 συλλαβῶν

77 3551 246 3634 λεγομένων
270 3551 318 3635 ,ἰὴ
336 3553 443 3614 παιάν“
466 3550 562 3636 ἡρῶον
584 3548 701 3634 γίνεται,
724 3550 861 3638 βραχέων
884 3549 917 3615 δὲ
944 3554 1133 3639 [λεχθεισῶνῑ
1158 3552 1225 3622 del.
1245 3552 1361 3634 Κοῖλα]
1387 3553 1533 3637 ἰαμβεῖον·

77 3653 131 3718 διὰ
154 3653 187 3718 δὲ
210 3659 293 3719 τοῦτο
316 3659 404 3738 δῆλον
424 3652 468 3719 δτι
483 3653 532 3719 καί
548 3655 595 3717 τὸν
618 3652 789 3739 χωλίαμβον
813 3653 972 3720 ἀναθετέον
995 3656 1081 3743 αύτῶ
1126 3659 1273 3744 βραχειῶν
1295 3658 1351 3742 γὰρ
1373 3656 1534 3742 γενομένων

78 3759 107 3822 εἰ
132 3757 185 3823 δύο
208 3759 259 3831 τὰς
281 3757 404 3824 ἁπασῶν
426 3759 594 3831 τελευταίας
617 3760 764 3843 συλλαβὰς
789 3761 828 3832 εἰς
852 3760 966 3845 μακρὰν
999 3761 1182 3846 (γιγνομένων
1210 3764 1286 3825 δυεῖν
1316 3786 1340 3825 τ.
1363 3760 1391 3825 ά.
1414 3786 1437 3825 τ.
1460 3788 1484 3826 c.
1508 3764 1533 3826 εί

79 3863 196 3949 μακρὰς
219 3861 378 3948 Wilam.)
400 3865 516 3949 ποιησει
539 3889 588 3939 τις,
612 3862 627 3927 δ
647 3862 845 3936 Ἱππώνακτος
867 3862 971 3949 ἴαμβος
994 3864 1083 3929 ἕσται.

187 3967 356 4038 Fortasse
390 3970 458 4039 hoc
492 3971 730 4054 fragmentum
762 3972 892 4037 rectius
923 3968 1016 4038 libro
1051 3968 1116 4055 περὶ
1140 3975 1278 4054 μουσικῆς
1310 3970 1533 4049 adscribitur,

81 4093 190 4159 quem
217 4071 345 4142 laudat
368 4072 461 4142 idem
479 4073 673 4143 Clearchus
698 4077 751 4149 (in
775 4073 867 4144 libro
891 4072 956 4158 περὶ
979 4073 1098 4160 γρίφων,
1122 4082 1163 4142 ut
1185 4072 1341 4155 videtur)
1366 4073 1466 4166 frgm.
1481 4079 1531 4144 85.

586 4245 685 4315 XIII.
717 4246 915 4320 Ἀκούσιος
939 4247 1031 4328 (Α’θί.

716 4368 780 4436 DL
805 4368 904 4439 V87.

624 4541 721 4611 XIV.
755 4539 998 4628 Ἐρωτικός.

718 4664 782 4732 DL
805 4662 838 4730 V
854 4670 905 4734 87.

288 4784 450 4854 Hermiae
474 4785 519 4853 ad
543 4785 634 4854 Plat.
653 4784 803 4854 Phaedr.
821 4809 853 4873 ρ.
873 4791 914 4855 76
940 4787 1017 4854 Ast.

186 4905 213 4969 οἱ
242 4905 275 4969 δὲ
310 4911 370 4983 (sc.
396 4905 540 4992 ὑπέλαβον
569 4908 601 4970 τό
633 4909 713 4992 ἐρᾶν)
742 4906 842 4977 ἁπλῶς
874 4905 995 4982 ἀστεῖον,
1029 4906 1068 4978 ῶς
1095 4904 1352 4988 Ἡρακλείδης
1388 4906 1532 4985 (Mona-
1553 4911 1601 4984 24

79 5013 198 5079 censis
215 5011 328 5080 Astii:
355 5009 515 5095 Εὐκλείδης
532 5010 728 5080 Vaticanus
753 5009 935 5093 BekkerH,
959 5009 1058 5097 φιλίας
1082 5010 1174 5095 λέγων
1198 5009 1272 5074 εἶναι
1294 5008 1342 5072 τὸν
1365 5007 1460 5095 ἔρωτα
1484 5006 1533 5072 καὶ
