3570 5574
760 427 800 488 41

262 719 391 786 Athen.
417 716 488 784 xfl
511 719 575 783 523
598 716 619 781 ι.
761 628 799 695 B'

154 838 421 925 Ἡρακλείδης
444 837 471 901 δ’
499 836 514 900 δ
540 837 717 908 ΙΙοντικδς
741 837 778 900 ἐν
804 836 969 921 δευτέρῳ
992 832 1075 920 περὶ
1100 835 1354 919 δικαιοσύνης
1377 834 1477 922 φησίν·

157 958 176 1044 ή
202 960 355 1045 Μιλησίων
378 959 460 1032 πόλις
483 958 700 1045 περιπέπτωκεν
723 955 857 1044 ἀτυχίαις
874 957 921 1020 ῦιά
938 957 1047 1042 τρυφήν
1070 954 1133 1041 βίου
1150 955 1198 1020 καί
1215 958 1363 1029 πολιτικάς
1379 956 1506 1045 ἔχθρας·
1529 957 1575 1029 10

51 1063 81 1127 οἳ
104 1065 136 1128 τδ
162 1065 287 1138 ἐπιεικὲς
310 1064 363 1130 ούκ
386 1063 555 1148 ἀγαπῶντες
580 1066 612 1126 ἐκ
635 1065 719 1148 ’ριξῶν
742 1060 856 1126 ἀνεῖλον
879 1063 944 1133 τοῦς
967 1061 1100 1148 ἐχθρούς.
1139 1061 1351 1135 στασιαζόντων
1374 1063 1429 1149 γάρ
1452 1066 1507 1127 τῶν
1531 1127 1532 1130 ,

51 1171 105 1241 τὰς
128 1168 227 1242 οὐσίας
251 1168 380 1256 ἐχόντων
402 1166 450 1232 καί
474 1173 531 1230 τῶν
555 1171 697 1252 δημοτῶν,
721 1163 770 1237 οὓς
794 1169 898 1230 ἐκεῖνοι
923 1165 1064 1251 Γέργιθας
1088 1165 1220 1242 ἐκάλουν,
1244 1173 1356 1253 πρῶτον
1372 1167 1423 1253 μέν
1439 1193 1508 1254 κρα-

52 1272 144 1356 τήσας
167 1272 183 1337 ὁ
206 1277 298 1359 δῆμος
321 1270 370 1336 καί
393 1273 459 1344 τοῦς
481 1269 635 1343 πλουσίους
667 1271 799 1356 ἐκβαλῶν
830 1267 879 1334 καί
911 1271 1080 1355 συναγαγὼν
1103 1270 1138 1333 τά
1163 1270 1248 1335 τέκνα
1276 1277 1333 1335 τῶν
1361 1271 1509 1358 φυγόντων

54 1377 96 1448 εἰς
128 1375 255 1450 ἁλωνίας
284 1379 351 1463 βοῦς
382 1374 580 1460 είςαγαγόντες
611 1373 804 1459 συνηλοίησαν
834 1371 884 1438 καί
912 1373 1153 1460 παρανομωτάτῳ
1185 1375 1304 1462 θανάτῳ
1331 1375 1509 1462 διέφθειραν.

52 1481 199 1568 τοιγάρτοι
226 1483 313 1574 πάλιν
342 1482 368 1546 οἱ
400 1480 533 1544 πλούσιοι
564 1479 758 1567 κρατήσαντες
786 1477 915 1550 ἅπαντας
946 1475 986 1542 ῶν
1017 1479 1109 1565 κύριοι
1137 1480 1316 1564 κατέστησαν
1346 1481 1418 1566 μετά
1453 1485 1509 1543 τῶν

53 1585 162 1649 τέκνων
196 1585 420 1651 κατεπίττωσαν.
465 1581 505 1648 ὧν
539 1585 701 1668 καιομένων
734 1581 821 1669 φασίν
849 1579 926 1648 ἀλλα
955 1608 987 1647 τε
1022 1584 1116 1647 πολλοὶ
1150 1585 1287 1669 γενέσθαι
1320 1585 1426 1671 τέρατα
1459 1581 1509 1647 καὶ

54 1688 158 1754 ἐλαίαν
188 1691 268 1776 ίεράν
297 1688 463 1774 αὐτομάτην
492 1688 668 1774 ἀναφθῆναι.
713 1687 814 1774 διόπερ
848 1687 863 1751 ό
899 1689 966 1760 θεὸς
1001 1686 1047 1752 ἐπὶ
1081 1689 1172 1753 πολῦν
1205 1688 1310 1776 χρόνον
1343 1687 1509 1774 ἀπήλαυνεν

55 1792 161 1866 αύτοῦς
185 1800 235 1858 τοῦ
258 1792 394 1879 μαντείου
418 1791 466 1857 καί
490 1793 702 1879 ἐπερωτώντων
726 1793 773 1857 διά
797 1791 859 1856 τίνα
884 1790 979 1855 αἰτίαν
1003 1790 1249 1877 [ἀπελαύνονται],
1274 1792 1367 1857 εἶπεν·

368 1913 417 1978 καί
441 1939 489 2000 μοι
513 1913 660 2001 Γεργίθων
683 1940 715 1978 τε
737 1914 823 2001 φόνος
848 1913 931 1999 μέλει
953 1912 1171 1999 ἀπτολεμίστων

364 2019 512 2104 πισσήρων
534 2043 566 2082 τε
589 2019 676 2104 μόρος
700 2017 748 2084 καί
771 2019 904 2105 δένδρεον
927 2018 989 2082 αίέν
1012 2016 1150 2090 ἀθαλλές.

264 2176 394 2244 Athen.
413 2174 485 2245 XII
502 2181 561 2244 521
583 2176 602 2243 f.
639 2175 679 2243 ef.
698 2175 889 2263 Phylarch.
909 2173 1005 2262 apud
1022 2174 1152 2243 Athon.
1171 2173 1243 2243 XII
1259 2179 1320 2243 521
1336 2174 1367 2244 d.
1386 2197 1413 2243 ο.

155 2295 409 2382 Ἱίγακλείδης
432 2296 461 2361 δ’
488 2297 503 2361 ὁ
530 2297 713 2371 Ποντικὸς
736 2301 772 2362 ἐν
795 2303 842 2383 τῷ
861 2299 944 2381 περὶ
968 2295 1219 2380 δικαιοσύνης
1242 2295 1342 2383 φησίν·

161 2417 317 2504 Συβαρῖται
339 2419 391 2504 τήν
415 2418 526 2503 Τήλυος
549 2417 702 2504 τυραννίδα
727 2417 940 2490 καταλύσαντες
968 2419 1034 2489 τοῦς
1066 2418 1263 2504 μετασχόντας
1292 2425 1349 2482 τῶν
1377 2417 1510 2504 πραγμά·
1533 2416 1575 2486 ll

55 2545 113 2583 των
147 2520 330 2608 ἀναιροῦντες
360 2521 408 2588 καί
438 2522 606 2609 φονεύοντες
639 2522 686 2587 ἐπί
716 2529 772 2586 τῶν
796 2525 904 2608 βωμῶν
928 2521 948 2604 ή
971 2519 1097 2594 ἅπαντες
1120 2571 1126 2584 .
1150 2572 1156 2585 .
1180 2572 1186 2584 .
1219 2524 1372 2596 (hiatum
1409 2531 1511 2592 notat
1544 2549 1565 2595 a

57 2624 191 2709 Κοίλη.
238 2627 286 2693 καί
310 2626 357 2692 ἐπί
381 2632 438 2700 τοῖς
462 2627 559 2713 φόνοις
581 2627 692 2699 τούτοις
723 2625 897 2713 ἀπεστράφη
928 2625 979 2710 μέν
1009 2627 1041 2689 τδ
1071 2631 1122 2710 της
1137 2622 1237 2712 Ἥρας
1266 2624 1393 2713 ἀγαλμα,
1422 2626 1454 2691 τδ
1479 2626 1511 2690 δέ

54 2728 164 2816 ἔδαφος
186 2730 277 2817 ἀνῆκε
299 2728 395 2816 πηγήν
418 2731 548 2816 αίματος,
572 2729 645 2795 ίύστε
668 2733 716 2795 τὸν
740 2731 875 2816 σύνεγγυς
898 2729 1012 2795 ἅπαντα
1041 2730 1122 2795 τόπον
1152 2731 1383 2818 κατεχάλκωσαν
1407 2729 1510 2817 θυρίσι,

54 2834 226 2920 βουλόμενοι
261 2842 364 2921 στῆσαι
397 2836 448 2920 τήν
482 2842 533 2900 τοῦ
568 2836 688 2921 αἵματος
726 2836 884 2923 ἀναφοράν.
909 2885 915 2900 .
940 2886 946 2899 .
970 2839 1070 2921 διόπερ
1104 2836 1260 2900 ἀνάστατοι
1294 2837 1423 2921 ἐγένοντο
1461 2832 1510 2900 καί

55 2940 258 3026 διεφθάρησαν
280 2937 414 3017 ἅπαντες,
438 2941 463 3004 οί
488 2939 536 3003 καί
560 2941 607 3004 τὸν
630 2946 687 3004 τῶν
708 2938 876 3025 Ὀλυμπίων
899 2945 956 3003 τῶν
984 2940 1058 3003 πάνυ
1086 2939 1186 3024 ἀγῶνα
1210 2939 1382 3026 ἀμαυρῶσαι
1406 2938 1511 3021 ἐθελή-

57 3067 172 3116 σαντες·
195 3043 268 3108 καθ’
291 3041 322 3108 δν
347 3046 401 3130 γάρ
425 3041 526 3129 ἀγεται
549 3045 648 3130 καιρὸν
679 3044 903 3130 ἐπιτηρήσαντες
931 3039 1031 3107 ἀθλων
1055 3043 1203 3128 ὑπερβολή
1225 3043 1262 3114 ὡς
1286 3043 1389 3115 αὑτοὺς
1413 3047 1511 3107 καλεῖν

57 3147 227 3236 ἐπεχείρουν
249 3150 316 3221 τοῦς
336 3147 475 3232 ἀθλητάς.

266 3304 405 3374 Aelian.
430 3327 461 3373 v.
486 3303 673 3373 h.11143.

159 3425 212 3491 Ἐν
235 3426 360 3513 Συβάρει
383 3428 553 3512 κιθαρῳδοῦ
576 3419 694 3510 ᾄδοντος
718 3428 748 3490 ἐν
770 3432 807 3510 τη]
831 3422 951 3509 ἀγωνία,
975 3419 1009 3507 ἣν
1039 3423 1192 3487 ἐπετέλουν
1216 3429 1253 3509 τη
1276 3420 1369 3509 Ἥρα,
1395 3447 1512 3488 στασια-
1542 3426 1565 3496 b

57 3531 169 3595 σάντων
193 3530 264 3617 ῦπέρ
288 3529 377 3595 αύτοῦ
400 3536 457 3594 τῶν
480 3530 647 3614 Συβαριτῶν
670 3528 718 3593 καί
742 3531 777 3593 τά
801 3526 879 3592 όττλα
903 3526 1050 3613 λαβόντων
1074 3525 1125 3591 ἐπ’
1151 3525 1304 3610 ἀλλήλους,
1328 3525 1470 3614 φοβηθείς
1493 3526 1509 3590 ό

60 3636 229 3722 κιθαρῳδδς
260 3636 311 3700 σῦν
342 3634 417 3721 αὐτῇ
448 3638 536 3718 στολή
559 3633 718 3720 κατέφυγεν
741 3636 770 3704 ἐς
793 3633 841 3696 τδν
863 3638 913 3716 τῆς
928 3628 1028 3717 Ἥρας
1051 3630 1163 3717 βωμόν·
1189 3630 1218 3696 οἳ
1239 3631 1272 3696 δέ
1294 3631 1362 3697 ούδέ
1386 3634 1512 3696 ἐνταῦθα

59 3738 211 3825 ἐφείσαντο
244 3746 296 3804 τοῦ
329 3742 506 3826 κιθαρῳδοῦ.
552 3736 641 3823 ὀλίγῳ
676 3736 708 3801 δέ
744 3734 861 3822 ὕστερον
896 3735 968 3820 αἷμα
1003 3734 1099 3800 ἐδόκει
1128 3738 1157 3800 ἐν
1184 3742 1225 3822 τῷ
1249 3742 1299 3821 τῆς
1325 3733 1425 3822 Ἥρας
1459 3742 1516 3822 νεῷ

59 3842 213 3930 ἀναβρύειν
244 3843 328 3908 οὐδέν
359 3843 477 3908 ἔλαττον
504 3847 599 3926 πηγῆς
630 3839 747 3917 ἀενάου,
778 3841 936 3927 Συβαρῖται
967 3841 1000 3905 δέ
1030 3840 1162 3927 ἔπεμψαν
1191 3843 1219 3913 ἐς
1251 3841 1390 3927 Δελφούς,
1437 3838 1455 3923 ἡ
1480 3839 1512 3903 δέ

61 3945 159 4011 Πυθία
185 3945 373 4034 ἀπεκρίνατο·

320 4050 395 4137 βαῖν’
421 4049 474 4115 ἀπ’
501 4053 579 4135 ἐμῶν
601 4049 752 4135 τριπόδιον,
777 4050 818 4114 ἐτι
840 4075 884 4114 τοι
908 4048 994 4136 φόνος
1017 4046 1092 4135 ἀμφί
1115 4048 1233 4134 χέρεσσι

320 4157 427 4229 πουλὺς
451 4154 622 4228 ἀποστάζων
646 4153 704 4218 ἀπὸ
728 4153 827 4218 λαίνου
850 4153 939 4219 ούδοῦ
963 4153 1067 4239 ἐρύκει,

320 4255 355 4324 ού
377 4285 410 4325 σε
434 4259 628 4344 θεμιστεύσω·
653 4258 779 4323 λίουσῶν
804 4258 967 4344 θεράποντα
991 4257 1132 4329 κατέκτας

313 4360 411 4450 Ἥρης
434 4365 505 4449 πρδς
528 4365 658 4448 βωμοῖσι,
683 4366 758 4428 θεῶν
781 4361 852 4426 τίσιν
874 4360 927 4426 ούκ
950 4359 1091 4433 ἀλεείνας.

320 4471 376 4540 τοῖς
399 4467 432 4532 δέ
454 4473 551 4540 κακῶς
574 4466 670 4551 ’ρέξασι
693 4466 774 4551 δίκης
796 4468 877 4539 τέλος
900 4464 967 4552 ούχί
990 4465 1139 4552 χρονιστδν

322 4571 390 4636 οῦδὲ
413 4570 598 4656 παραιτητόν,
622 4570 688 4635 οὐδ’
705 4573 730 4635 εί
754 4572 820 4644 Διὸς
843 4571 955 4656 ἔγγονοι
978 4569 1048 4633 εἷεν·

322 4674 388 4741 ἀλλ’
403 4675 498 4740 αὐτῶν
521 4680 668 4762 κεφαλῇσι
690 4673 739 4740 καί
763 4679 793 4740 έν
816 4675 978 4762 σφετέροισι
1000 4674 1130 4737 τέκεσσιν

322 4781 450 4856 εἱλεῖται,
473 4778 521 4845 καί
545 4787 629 4867 πῆμα
652 4780 750 4865 δόμοις
774 4778 821 4844 ἐπί
843 4779 954 4864 πήματι
977 4776 1079 4864 βαίνει.

62 4900 81 4985 ἡ
104 4901 137 4966 δέ
160 4900 227 4986 δίκη
240 4900 303 4985 ,οῦκ
319 4901 470 4988 ἐβράδυνε·
496 4901 710 4989 Κροτωνιάταις
726 4901 780 4985 γάρ
798 4899 911 4963 ἐναντία
927 4897 1004 4964 ’ύπλα
1022 4901 1140 4983 θέμενοι
1160 4895 1315 4962 ἀνάστατοι
1332 4893 1382 4958 ὑπ’
1399 4893 1517 4958 ἐκείνων

63 5005 202 5092 ἐγίνοντο,
225 5003 274 5071 καί
297 5004 316 5090 ή
339 5004 422 5078 πόλις
444 5004 602 5090 ἠφανίσθη.

1293 5141 1311 5194 4
