3570 5574
358 625 431 690 rap.
453 610 494 672 20
1112 623 1186 689 rap.
1209 608 1250 670 22

119 706 155 772 od
177 708 233 793 γαρ
256 706 393 793 ἐβούλετο
417 706 595 792 μισθοφόρον
619 705 681 771 odd'
697 701 779 770 ὤνιον
875 704 890 768 ὁ
914 705 969 790 γὰρ
993 707 1023 768 ἐν
1045 705 1132 790 γάμιρ
1159 712 1293 791 παρορῶν
1322 706 1354 770 τὸ
1378 706 1468 769 καλὸν
1498 704 1533 769 od

78 811 153 875 εἶναι
187 813 235 875 τὸν
268 812 369 897 γάμον,
404 810 465 874 ἀλλ’
492 809 538 876 ἐπὶ
568 811 703 875 τεκνώσει
730 808 779 875 καὶ
832 809 938 873 τέκνων
973 810 1057 874 ἕνεκα
1098 809 1185 892 δῆλός
1221 812 1294 874 ἐστιν
1332 809 1393 875 ἀλλ’
1426 810 1532 894 ἡδονῆς

74 916 175 1004 χάριτι
203 913 251 980 καλ
283 916 414 1002 φιλότητι
444 913 575 1000 γίνεσθαι
607 916 654 980 τὸν
678 914 779 1002 ἀνδρὸς
833 913 973 999 ἀγόμενος
1007 918 1128 999 γυναῖκα
1157 912 1204 978 τόν
1233 939 1265 978 τε
1293 914 1396 999 μισθὸν
1427 912 1534 1000 ἀπέχει

75 1019 125 1085 καλ
149 1021 282 1105 γυναικὸς
307 1020 494 1104 συνοικισμόν.
833 1016 881 1082 καλ
904 1017 1066 1104 παρρησίαν
1090 1019 1169 1105 αὐτῷ
1188 1020 1258 1105 πρὸς
1273 1019 1339 1090 τούς
1361 1018 1533 1103 γενομένους

831 1122 883 1187 οὐκ
919 1120 1121 1199 ἀπολέλοιπεν,
1156 1123 1197 1197 οἷς
1230 1122 1301 1188 αὐτὸ
1332 1123 1364 1188 τὸ
1398 1123 1535 1207 γενέσθαι

832 1226 988 1311 πεποίηκεν
1011 1223 1127 1300 ὄνειδος.

191 1439 261 1507 Ner
286 1441 405 1508 minus
431 1459 522 1524 quae
547 1440 583 1506 in
608 1437 679 1505 fine
695 1457 770 1524 cap.
789 1444 830 1504 ‘24
856 1438 909 1512 (fr.
927 1443 982 1520 18)
1007 1438 1171 1523 legimus,
1195 1436 1343 1507 eandem
1362 1438 1533 1523 originem

83 1542 253 1612 redolent.
301 1544 425 1612 Cetera
449 1545 571 1612 omnia
595 1564 684 1629 quae
708 1543 765 1611 his
783 1543 963 1629 capitibus
981 1543 1024 1611 do
1041 1542 1186 1612 Solonis
1210 1541 1352 1627 legibus
1377 1548 1534 1617 exstant,

81 1648 256 1717 Demetrii
279 1647 444 1716 Phalerei
478 1655 571 1716 sunt.
631 1646 846 1715 Nominatur
875 1668 949 1733 cap.
975 1651 1028 1725 23,
1066 1657 1172 1735 atque
1203 1650 1376 1716 continua
1406 1644 1534 1714 deinde

79 1755 239 1823 oratioue
264 1750 350 1839 quid
373 1753 639 1838 praescripserit
662 1750 773 1821 Solon
808 1751 851 1820 de
875 1750 1071 1832 sacrifieiis,
1101 1752 1144 1821 de
1167 1760 1275 1840 puteo
1301 1750 1460 1838 publiea,
1492 1750 1534 1818 de

79 1856 320 1944 plantationis
359 1860 548 1935 mensuris,
588 1854 630 1924 de
665 1856 874 1926 scrobiculis
910 1855 1099 1942 fossisque,
1137 1855 1180 1925 de
1217 1856 1295 1926 oleo
1335 1854 1533 1930 vendendo.

78 1962 124 2031 de
156 1960 307 2031 canibus
339 1960 578 2041 mordacibus
611 1964 811 2048 exponitur.
869 1962 952 2048 Cap.
978 1966 1030 2039 21,
1066 1983 1136 2047 quo
1168 1965 1322 2031 maxime
1353 1959 1396 2030 de
1426 1968 1533 2029 testa-

84 2069 219 2136 mentis
256 2075 291 2134 et
321 2064 364 2133 de
395 2066 500 2135 rebus
525 2070 633 2135 sacris
666 2069 793 2151 agitur,
828 2088 870 2135 ex
895 2064 1066 2135 Phalereo
1091 2065 1325 2136 Plutarchum
1360 2066 1537 2137 hausisse.

77 2180 115 2239 et
139 2171 267 2257 probat
292 2169 413 2239 Cicero
448 2170 491 2238 de
523 2169 612 2255 legg.
638 2170 673 2238 ΙΙ
690 2174 956 2247 rear-2656,
991 2174 1051 2256 qui
1088 2170 1308 2241 Demetrium
1344 2168 1534 2239 earundem

79 2273 222 2361 aliquot
255 2297 372 2344 rerum
408 2282 584 2344 auctorem
620 2278 792 2354 nominat,
829 2283 863 2342 et
896 2273 998 2342 docet
1027 2284 1183 2344 extrema
1215 2298 1299 2364 pars
1324 2278 1451 2361 capitis
1475 2278 1534 2342 21:

77 2374 119 2441 ὧν
150 2379 185 2443 τὰ
216 2381 337 2442 πλεῖστα
368 2376 417 2442 καὶ
439 2382 496 2451 τοῖς
519 2378 671 2465 ἡμετέροις
693 2378 790 2462 νόμοις
814 2377 1027 2470 ἀπηγόρευται·
1056 2378 1219 2464 πρόςκειται
1250 2378 1283 2444 δὲ
1306 2384 1363 2452 τοῖς
1386 2378 1537 2464 ἡμετέροις

80 2487 258 2568 ζημιοῦσθαι
280 2483 346 2554 τοὺς
368 2482 403 2546 τοὶ
427 2489 547 2547 τοιαῦτα
570 2488 722 2554 ποιοῦντας
747 2481 802 2546 ὑπὸ
825 2488 878 2545 τῶν
894 2483 1110 2568 γυναικονόμων
1133 2489 1193 2547 κτλ.
1218 2506 1308 2571 (luae
1332 2486 1440 2555 verbu
1463 2506 1536 2553 non

79 2587 127 2656 ad
163 2588 430 2658 Chaeronenses
466 2588 562 2673 leges
596 2609 931 2674 gynaeconomosve
966 2592 1139 2675 pertinere
1175 2588 1237 2657 sed
1283 2590 1328 2659 ad
1364 2590 1536 2658 Demetrii

79 2692 236 2763 Athenis
268 2691 563 2778 legumlationem
596 2691 798 2763 Boeckhius
834 2692 925 2760 vidit
961 2693 1071 2765 (Abh.
1097 2692 1158 2761 der
1191 2692 1280 2762 Berl.
1307 2693 1423 2762 Akad.
1452 2697 1534 2763 1832

74 2820 109 2885 p.
136 2803 195 2873 24;
230 2797 269 2865 cl.
294 2797 336 2865 R.
362 2798 482 2875 Prina,
507 2795 550 2864 de
574 2796 718 2867 Solonis
743 2796 948 2865 Plutarehei
971 2797 1097 2868 fontib.
1123 2798 1271 2867 Bonnae
1298 2803 1379 2868 1867
1405 2820 1427 2885 p
1464 2804 1534 2871 27).

76 2902 120 2971 Si
159 2903 326 2970 Demetrii
360 2899 430 2986 περὶ
464 2907 515 2985 τῆς
548 2900 687 2984 'sitires
721 2899 894 2984 νομοθεσίας
933 2902 1065 2971 librum
1105 2903 1322 2972 Plutarchus
1361 2900 1449 2972 adeo
1489 2901 1534 2970 ad

79 3008 228 3077 verbum
254 3009 452 3094 exscripsit,
477 3006 569 3075 nihil
587 3013 641 3073 est
664 3005 919 3092 impedimento
944 3011 1136 3092 quominus
1161 3007 1253 3077 idem
1278 3009 1316 3075 iu
1332 3005 1531 3075 Heraclidis

75 3112 171 3181 libro
202 3108 266 3197 περὶ
299 3110 395 3195 νόμον
419 3149 460 3156 -
485 3133 568 3180 nam
592 3109 635 3179 (λθ
659 3108 729 3180 alio
755 3113 903 3195 cogitari
937 3115 1062 3197 nequit
1088 3150 1125 3158 —
1154 3112 1323 3181 accidisse
1356 3120 1534 3198 putemus.

80 3215 236 3285 Unicum
261 3215 357 3302 quod
379 3215 596 3284 Plutarchus
621 3218 658 3283 in
680 3215 749 3283 hac
773 3238 809 3283 re
832 3219 1023 3302 praestitit,
1048 3219 1084 3283 in
1109 3238 1148 3286 eo
1172 3220 1331 3304 positum
1356 3225 1410 3284 est
1442 3216 1535 3303 quod

78 3341 156 3407 cap.
185 3327 226 3389 23
262 3321 481 3390 Demetrium
521 3341 601 3389 cum
637 3319 823 3388 Heraclide
858 3324 1054 3390 coniunxit.
1125 3319 1191 3389 Hic
1229 3319 1383 3405 legimus
1422 3320 1534 3390 solam

78 3421 213 3497 ἀτοπίαν,
252 3424 351 3493 deest
385 3425 577 3512 explicatio
614 3424 730 3507 (sigui.
762 3429 800 3491 17
837 3423 923 3503 fin).
986 3425 1078 3492 Nam
1114 3427 1232 3509 agitur
1267 3424 1310 3492 de
1345 3424 1534 3494 mulierum

78 3526 239 3598 delictis:
264 3527 358 3597 idem
384 3528 563 3604 delictum,
588 3532 618 3597 si
642 3531 697 3597 vir
721 3531 923 3604 committit,¹
946 3532 1169 3612 gravissime,
1193 3532 1224 3597 si
1248 3529 1386 3607 mulier,
1410 3529 1537 3599 leviter

79 3631 256 3702 vindicari
279 3632 474 3703 absurdum
499 3621 562 3707 est,
587 3636 638 3700 ait
660 3631 875 3702 Heraclides.
923 3632 1039 3713 Quam
1071 3632 1204 3719 profert
1227 3632 1455 3711 Plutarchus,
1487 3643 1527 3707 ut

79 3741 177 3806 viam
201 3738 272 3807 sibi
294 3741 435 3807 muniat
458 3738 502 3807 ad
521 3738 752 3817 Demetrium,
776 3737 885 3805 huius
909 3740 1129 3823 quaestionis
1153 3737 1381 3816 solutionem,
1405 3743 1527 3826 inepte

79 3849 148 3922 est,
177 3841 347 3913 Solonem
372 3842 459 3911 haee
483 3845 695 3920 instituisse,
727 3841 822 3928 quod
853 3853 1031 3910 raretum
1054 3842 1210 3911 Athenis
1242 3835 1395 3928 pecunia
1418 3844 1524 3913 luerit

80 3969 118 4016 re
154 3970 236 4016 vera
270 3951 377 4016 etiarn
411 3948 478 4016 has
514 3946 704 4016 mulierum
739 3967 874 4033 poenas
909 3966 1036 4029 graves
1072 3946 1182 4015 fuisse
1219 3957 1364 4034 propter
1399 3952 1537 4017 nummi

80 4052 233 4140 parandi
265 4051 523 4121 difficultatem.
570 4050 665 4119 Haec
697 4051 886 4121 abhorrere
920 4052 963 4119 ab
989 4050 1176 4119 Heraclide
1207 4055 1268 4138 qui
1292 4074 1427 4139 poenas
1452 4051 1534 4120 illas

81 4156 180 4225 leves
206 4165 240 4225 et
264 4159 367 4243 quasi
391 4159 530 4225 iocosas
548 4177 626 4223 esse
643 4155 832 4241 significat,
856 4177 959 4224 nemo
978 4177 1050 4224 non
1068 4154 1173 4250 videt.
1220 4155 1404 4225 intercidit
1427 4158 1536 4240 igitur

82 4258 282 4329 Heraclidis
307 4259 509 4348 explicatio.

188 4365 244 4432 Fr.
265 4371 303 4432 16
327 4373 362 4432 et
388 4371 425 4434 17
451 4374 524 4434 arte
548 4365 744 4433 cohaerere.
768 4368 847 4452 ipsa
872 4368 1140 4433 enuntiatorum
1163 4364 1278 4435 forma
1303 4363 1421 4444 docet;
1451 4368 1537 4451 quin

83 4471 192 4538 etiarn
216 4468 254 4536 l.
282 4476 320 4537 17
347 4463 448 4556 apud
466 4468 688 4537 Heraclidem
714 4473 835 4538 statim
861 4469 1059 4554 fragmento
1087 4474 1127 4537 16
1151 4472 1398 4538 continuatum
1424 4470 1536 4538 luisse

82 4584 182 4660 puto.
241 4573 329 4641 Post
361 4573 477 4656 legem
512 4573 554 4642 de
590 4572 827 4644 seditionibus
863 4578 979 4658 agitur
1014 4573 1056 4642 de
1089 4572 1229 4659 ἐτικλήρο
1281 4576 1459 4657 coniugio,
1494 4573 1536 4642 de

85 4677 232 4746 dotibus
267 4685 302 4747 et
336 4682 579 4757 matrimoni0;
613 4686 693 4766 apte
725 4685 894 4745 secuntur
928 4678 1024 4762 leges
1057 4677 1100 4746 (λθ
1129 4686 1229 4766 patre
1258 4700 1278 4746 a
1312 4677 1433 4747 liberis
1467 4700 1539 4746 non

84 4780 225 4859 alendo,
262 4792 338 4852 tum
374 4782 416 4851 de
452 4782 671 4852 mulieribus
732 4782 810 4850 Non
842 4781 956 4852 multo
990 4791 1073 4869 post
1096 4782 1301 4851 Heraclides
1327 4782 1370 4850 de
1394 4781 1536 4866 legibus

86 4890 355 4974 peregrinorum
378 4891 414 4956 in
440 4891 620 4956 civitatem
645 4886 929 4973 recipiendorum
954 4895 988 4954 et
1012 4887 1055 4956 de
1071 4887 1216 4974 publico
1242 4891 1405 4957 convicto
1430 4889 1539 4957 verba

86 4991 212 5060 iecisse
251 4990 399 5061 videtur.
461 4992 677 5060 Plutarchus
716 4994 793 5077 ipse
830 4991 910 5059 aliis
949 4991 1037 5060 locis
1077 4991 1119 5059 de
1155 4991 1372 5078 quibusdam
1410 4992 1538 5061 harum

1315 5135 1332 5188 5
