3570 5574
768 387 810 450 73

62 591 152 661 sorte
190 591 349 660 abluisse
383 588 573 668 videretur,
607 610 680 657 rem
715 593 792 677 ipse
827 591 1002 677 exposuit.
1018 589 1045 670 ¹)
1102 587 1226 676 ltaque
1255 591 1362 657 etiam
1386 591 1424 658 iu
1447 590 1516 660 hoc

59 693 135 781 περὶ
159 693 251 758 νόσων
276 693 431 778 dialogo,
456 692 550 780 quod
576 693 739 764 inlibris
763 691 827 778 περὶ
851 698 947 780 ψυχῆς
971 702 1005 761 et
1028 688 1093 777 περὶ
1116 691 1231 778 φύσεως
1254 692 1514 762 animadverte-

66 821 198 876 ramus,
232 797 309 867 fieri
343 795 523 865 videmus:
558 796 669 882 longa
704 805 738 865 et
771 800 943 866 continua
977 799 1132 865 narratio
1164 796 1307 882 dialogo
1332 799 1515 877 inseritur;

63 904 186 973 eadem
231 905 385 989 posteris
431 902 652 988 temporibus
706 940 745 947 -
799 901 965 971 Timaeus
1021 900 1180 971 nondum
1230 904 1333 972 novit
1382 900 1516 971 librum

63 1007 283 1094 singularem
321 1003 386 1090 περὶ
423 1010 474 1088 τῆς
512 1001 604 1070 ἄπνου
642 1006 699 1076 vol
738 1001 845 1078 ἄπνους
889 1044 919 1053 ··
962 1005 1117 1075 solvitur
1151 1025 1192 1073 ox
1228 1013 1304 1076 toto
1342 1026 1446 1089 opero
1481 1013 1515 1074 ot

62 1111 253 1201 peculiaris
298 1109 390 1180 liber
434 1111 686 1181 circumfertur.
756 1111 808 1179 De
853 1131 962 1179 causa
1007 1112 1250 1178 exanimitatis
1297 1117 1332 1178 et
1377 1113 1515 1180 ratione

65 1216 231 1287 medendi
254 1237 274 1283 a
297 1218 546 1302 praesentibus
578 1216 725 1285 medicis
757 1217 825 1295 (τοῖς
853 1220 992 1300 παροῦσιν
1021 1215 1129 1299 ἰατροῖς
1160 1214 1198 1282 fr.
1224 1219 1278 1294 73)
1313 1218 1410 1284 varie
1441 1214 1513 1284 dis·

59 1323 276 1409 putabatur:
313 1319 465 1405 denique
490 1320 723 1407 Empedocles
758 1320 942 1389 mulierem
976 1318 1129 1388 similem
1162 1322 1198 1387 in
1231 1319 1376 1389 modum
1409 1326 1515 1404 atque

62 1425 205 1512 qualem
231 1423 392 1493 Galenus
416 1423 585 1494 describit
610 1434 658 1511 (p.
677 1428 734 1504 tc)
758 1445 901 1493 curasse
924 1423 1073 1492 videtur.
1127 1423 1245 1492 Etiam
1271 1426 1308 1492 iu
1332 1424 1400 1493 hoc
1422 1423 1514 1493 libro

63 1528 179 1599 multa
211 1528 370 1598 iucunda
406 1550 446 1597 ac
480 1532 643 1616 speciosa
677 1528 721 1597 ad
750 1529 916 1598 lectorem
950 1526 1198 1597 delectandum
1230 1530 1382 1597 orationi
1405 1528 1516 1597 luisse

62 1634 223 1703 admixta
259 1633 375 1702 elucet
409 1654 451 1701 ex
486 1633 623 1703 famoso
660 1632 722 1701 illo
755 1632 847 1701 dicto
881 1632 1110 1717 Pythagorae
1142 1631 1237 1718 quod
1270 1631 1516 1719 Empedocles,

63 1742 167 1809 initio
193 1747 232 1808 ut
256 1737 407 1815 videtur,
431 1737 631 1806 rettulerat:

271 1928 335 1997 DL
360 1928 519 1997 Procem.
540 1933 594 1996 12:

168 2048 344 2137 φιλοσοφίαν
375 2048 408 2113 δὲ
439 2055 550 2135 πρῶτος
574 2049 711 2133 ὠνόμασε
734 2046 910 2133 Πυθαγόρας
940 2045 989 2111 καὶ
1013 2048 1116 2112 ἑαυτὸν
1139 2048 1307 2135 φιλόσοφον,
1337 2051 1367 2112 ἐν
1390 2049 1517 2114 Σεκυῶνι
1537 2054 1585 2127 78

64 2155 269 2239 διαλεγόμενος
293 2155 393 2219 Λέοντι
417 2161 458 2240 τῷ
477 2153 647 2218 Σεκοωνίων
678 2153 808 2239 τυράννῳ
830 2150 849 2236 ἢ
872 2151 1047 2227 Φλειασίων,
1071 2152 1151 2217 καθά
1174 2151 1516 2239 φησινἫρακλεὶὖης
1551 2176 1572 2223 a

63 2258 80 2322 ὁ
118 2259 304 2330 Ποντικὸς
340 2261 376 2323 ἐν
410 2264 451 2344 τῇ
484 2256 565 2344 περὶ
600 2263 665 2342 τῆς
698 2253 829 2321 ἄπνου·
863 2258 974 2341 μηδένα
1008 2258 1063 2342 γὰρ
1098 2256 1170 2321 εἶναι
1206 2257 1294 2344 σοφὸν
1332 2253 1515 2344 [deopertum

63 2362 145 2432 incl.
171 2362 298 2445 Cobet]
321 2359 427 2446 ἀλλ’ἢ
453 2362 529 2427 θεόν.

272 2555 341 2622 Cio.
367 2553 468 2622 Tusc.
494 2553 583 2641 disp.
602 2553 634 2620 V
651 2560 682 2634 3,
705 2560 742 2623 8:

170 2712 213 2721 -
248 2714 286 2722 -
326 2698 449 2745 omnes
490 2678 549 2762 qui
589 2680 626 2743 in
669 2698 786 2744 rerum
824 2672 1125 2762 contemplatione
1164 2674 1287 2744 studia
1323 2676 1516 2762 ponebant,
1552 2684 1574 2753 b

66 2782 246 2866 sapientes
271 2786 306 2848 et
330 2780 556 2850 habebantur
586 2789 621 2848 et
644 2781 934 2858 nominabantur,
966 2778 1072 2867 idque
1104 2801 1226 2849 eorum
1250 2801 1380 2850 nomen
1404 2799 1518 2866 usque

69 2882 114 2951 ad
150 2883 381 2969 Pythagorae
415 2887 578 2952 manavit
612 2891 775 2963 aetatem,
811 2907 915 2971 quem
951 2891 992 2952 ut
1027 2885 1149 2954 scribit
1183 2883 1324 2952 auditor
1354 2882 1517 2954 Platonis

64 2987 291 3056 Ponticus
326 2987 619 3066 Heraclides,
653 2993 707 3058 vir
742 2988 867 3057 doctus
904 2991 940 3056 in
975 2991 1116 3075 primis,
1158 2987 1366 3057 Phliuntem
1401 2988 1519 3056 ferunt

65 3096 218 3171 venisse,
248 3112 400 3179 eumque
432 3112 510 3160 cum
537 3092 684 3171 Leonte,
718 3096 877 3181 principe
900 3092 1156 3169 Phliasiorum,
1179 3092 1292 3162 'docte
1319 3100 1353 3160 et
1376 3095 1518 3179 copiose

65 3195 278 3265 disseruisse
308 3195 501 3282 quaedam;
537 3200 639 3265 cuius
670 3201 854 3282 ingenium
887 3206 922 3265 et
947 3196 1187 3284 eloquentiam
1216 3218 1296 3265 cum
1321 3195 1518 3266 admiratus

65 3311 161 3370 esset
184 3300 295 3378 Leon,
331 3303 552 3386 quaesivisse
584 3323 628 3370 ex
656 3323 696 3370 eo
721 3324 793 3389 qua
815 3304 971 3372 maxime
1003 3309 1076 3369 arte
1107 3299 1317 3375 confideret:
1354 3307 1391 3369 at
1413 3299 1518 3369 illum

68 3414 180 3475 artem
216 3403 360 3492 quidem
394 3425 432 3472 se
467 3409 555 3474 seire
589 3405 740 3485 nullam,
774 3405 836 3475 sed
869 3428 946 3475 esse
974 3404 1243 3493 philosophum.
1291 3403 1518 3474 Admiratum

68 3508 241 3578 Leontem
276 3511 473 3578 novitatem
509 3512 665 3579 nominis
701 3513 931 3596 quaesivisse,
967 3513 1113 3597 quinam
1145 3518 1264 3578 essent
1295 3507 1519 3596 philosophi,

68 3622 104 3681 et
126 3611 210 3700 quid
228 3616 321 3681 inter
338 3633 397 3680 eos
415 3622 450 3682 et
464 3613 621 3700 reliquos
639 3617 843 3692 interesset;
867 3614 1113 3700 Pythagoram
1138 3622 1255 3682 autem
1279 3612 1518 3700 respondisse,

68 3717 220 3785 similem
258 3718 328 3787 sibi
357 3716 468 3785 videri
499 3720 608 3787 vitam
641 3719 828 3787 homiuum
858 3727 893 3786 et
921 3725 1115 3787 mercatum
1139 3739 1220 3786 eum
1245 3719 1306 3803 qui
1330 3717 1520 3789 haberetur

68 3841 238 3891 maxumo
262 3819 430 3890 ludorum
454 3831 627 3909 apparatu
658 3825 769 3890 totius
803 3821 971 3891 Graeciae
1006 3821 1227 3900 celebritate;
1261 3842 1344 3890 nam
1376 3828 1417 3889 ut
1445 3819 1520 3889 illic

70 3923 133 3994 alii
169 3926 376 4011 corporibus
412 3929 611 3995 exercitatis
645 3926 799 4011 gloriam
834 3933 869 3994 et
903 3925 1130 3996 nobilitatem
1166 3946 1315 3996 coronae
1348 3933 1519 4012 peterent,

69 4030 132 4098 alii
167 4028 307 4098 emendi
343 4037 405 4097 aut
434 4029 613 4098 vendendi
645 4038 795 4116 quaestu
827 4038 862 4099 et
892 4029 990 4100 lucro
1024 4028 1244 4110 ducerentur,
1281 4037 1375 4098 esset
1398 4035 1516 4098 autem

72 4132 252 4221 quoddam
275 4154 390 4217 genus
415 4155 547 4212 eorum,
570 4133 677 4221 idque
693 4134 751 4203 vel
767 4156 934 4209 maxume
951 4137 1157 4219 ingenuum,
1183 4136 1243 4220 qui
1265 4155 1330 4201 nec
1348 4132 1519 4221 plausum

70 4258 134 4305 nec
170 4237 308 4306 lucrum
345 4247 561 4325 quaererent,
597 4237 659 4306 sed
694 4237 835 4307 visendi
866 4259 975 4307 causa
997 4241 1161 4308 venirent
1184 4237 1415 4324 studioseque
1439 4258 1519 4324 per-

70 4346 247 4428 spicerent
285 4340 370 4428 quid
409 4350 571 4426 ageretur·
607 4353 643 4412 et
676 4340 873 4430 quomodo:
915 4347 998 4411 item
1035 4365 1100 4411 nos
1137 4345 1240 4428 quasi
1273 4346 1309 4410 in
1344 4349 1519 4410 mercatus

175 4637 194 4700 ¹)
222 4635 258 4692 ol.
284 4635 369 4702 lrgm.
390 4640 431 4691 75».
459 4665 490 4672 —
521 4634 626 4693 Cobeti
653 4635 822 4693 coniectura
851 4635 881 4692 iu
909 4636 997 4694 tertia
1024 4634 1136 4693 Timaei
1163 4652 1266 4693 rausa:
1295 4639 1434 4707 πεποίηται
1462 4652 1521 4693 nou

70 4720 176 4790 probo;
197 4738 256 4777 non
270 4720 299 4777 id
311 4720 409 4779 dicere
422 4721 488 4779 vult
498 4719 638 4779 Timaeus
655 4737 804 4790 nusquam
821 4721 900 4791 apud
913 4722 1073 4792 scriptores
1084 4727 1212 4781 cratems
1222 4721 1289 4779 illos
1299 4722 1520 4780 commemorari

69 4805 288 4875 Agrigentinos,
318 4807 370 4864 sed
395 4807 426 4863 in
447 4806 613 4864 Heraclidis
638 4806 755 4876 dialogo
784 4825 820 4865 nc
838 4813 1083 4866 commemoratos
1107 4808 1228 4878 quidem
1254 4814 1341 4866 antea
1360 4808 1461 4876 scrisse,
1489 4816 1521 4866 ut

71 4892 159 4962 plane
187 4892 371 5035 inemffissis
398 4900 478 4952 esset
506 4893 673 4962 legentibus
700 4892 863 4951 historiola.
910 4896 1034 4952 Aetnam
1061 4902 1132 4965 puto
1151 4895 1187 4951 ab
1206 4893 1375 4965 Hippoboto
1401 4894 1521 4952 demum

70 4982 139 5036 ficte
157 4995 258 5037 essee
303 4978 382 5036 'tam
