3570 5574
904 388 945 452 ta

407 589 501 660 Plut.
528 590 570 659 da
592 589 681 676 glor.
707 590 836 658 Athen.
863 597 898 660 3:

131 704 177 775 81
303 711 355 795 τήν
370 709 463 776 τοίνυν
479 714 509 776 ἐν
526 711 691 796 Μαραθῶνι
708 711 807 798 μάχην
823 709 998 796 ἀπήγγειλεν
1021 711 1059 783 ὡς
1083 711 1134 796 μὲν
1153 711 1406 798 Ἡρακλείδης
1429 713 1445 778 ό
1471 715 1658 786 Ποντικὸς

201 815 316 900 ἱστορεῖ,
342 815 505 901 Θέρσιππος
529 814 544 879 ὁ
566 813 712 901 Ἐρωεύς·
743 814 781 888 ὡς
805 814 837 878 δὲ
860 815 931 896 (οἱ)
955 819 1083 880 πλεῖστοι
1115 817 1245 900 λέγουσιν
1277 815 1409 882 Εὐκλέα·
1439 818 1585 905 δραμόντα
1610 819 1660 883 σδν

202 922 259 992 τοῖς
283 916 382 992 όπλοις
406 919 514 1005 θερμδν
538 917 596 983 άπδ
620 925 670 1003 τῆς
694 920 792 1006 μάχης
815 917 863 983 καί
887 923 948 992 ταῖς
972 919 1074 1005 θύραις
1091 921 1252 1005 ἐμπεσόντα
1268 927 1324 984 τῶν
1339 922 1459 1008 πρώτων
1483 924 1661 1009 (πρυτάνεων

206 1027 296 1094 coni.
323 1024 447 1104 Cobet)
477 1029 596 1088 τοσοῦτο
626 1024 712 1107 μόνον
741 1025 843 1087 εἰπεῖν·
877 1022 997 1110 χαίρετε
1019 1023 1067 1087 καὶ
1091 1024 1232 1112 χαίρομεν
1256 1032 1386 1110 (νικῶμεν
1410 1031 1500 1097 coni.
1527 1027 1662 1109 Cobet).

203 1126 256 1192 εἶτ’
274 1127 361 1200 εὐθὺς
385 1131 548 1192 ἐκπνεῦσαι.

410 1301 473 1369 DL
496 1302 529 1369 ΙΙ
555 1308 611 1370 43:

134 1414 182 1484 82
307 1421 323 1486 ὁ
349 1421 400 1507 μὲν
424 1417 474 1487 οὖν
498 1422 584 1503 (soil.
609 1422 777 1508 Σωκράτης)
801 1424 827 1494 ἐξ
858 1420 1019 1508 ἀνθρώπων
1049 1417 1099 1506 ήν·
1129 1421 1277 1507 Ἀθηναῖοι
1306 1423 1334 1488 δ’
1350 1422 1437 1497 εόθδς
1468 1425 1662 1510 μετέγνωσαν,

204 1524 277 1591 ὥστε
308 1530 421 1590 κλεῖσαι
450 1525 630 1612 παλαίστρας
664 1524 712 1589 καὶ
747 1526 899 1611 γυμνάσια.
943 1525 992 1590 καί
1025 1527 1091 1598 τοὺς
1126 1525 1177 1607 μὲν
1211 1528 1421 1614 ἐφυγάδευσαν,
1457 1528 1597 1612 Μελήτου
1631 1529 1664 1594 δὲ

204 1631 330 1695 θάνατον
364 1631 564 1717 κατέγνωσαν·
597 1630 755 1716 Σωκράτην
786 1638 873 1715 (-τη
898 1632 958 1700 ΒΡ
971 1632 993 1698 ¹:
1019 1656 1104 1695 -τει
1127 1631 1192 1711 ΡΒ)
1215 1631 1248 1695 δὲ
1270 1638 1370 1719 χαλκῇ
1401 1632 1489 1697 εἰκόνι
1521 1632 1660 1717 ἐτίμησαν

206 1741 335 1823 (χαλκῆς
371 1736 480 1808 εἰκόνος
514 1735 686 1821 ἐτιμήσαντο
721 1734 836 1804 00de
873 1758 957 1805 corr.
994 1735 1133 1817 Cobet),
1167 1732 1202 1821 ἣν
1237 1736 1343 1801 ἔθεσαν
1377 1739 1407 1800 ἐν
1440 1743 1482 1823 τῷ
1516 1737 1662 1823 πομπείῳ,

212 1838 363 1905 Λυσίππου
385 1840 492 1924 ταύτην
516 1839 722 1925 ἐργασαμένου.
750 1834 866 1905 Ἄνυτόν
888 1865 920 1904 τε
943 1839 1162 1925 ἐπιδημήσαντα
1186 1838 1355 1927 αόθημερδν
1379 1841 1549 1927 ἐξεκήρυξαν
1568 1840 1665 1928 Ἥρα·

207 1949 340 2009 κλεῶται.
384 1943 418 2008 ού
454 1944 539 2030 μόνον
574 1942 601 2008 δ’
628 1941 675 2008 ἐπὶ
710 1944 882 2028 Σωκράτους
914 1943 1062 2029 Ἀθηναῖοι
1096 1944 1258 2009 πεπόνθασι
1292 1951 1384 2021 τοῦτο,
1419 1944 1496 2009 άλλαί
1532 1943 1581 2009 καὶ
1617 1944 1664 2010 ἐπὶ

208 2047 352 2113 πλείστων
375 2045 460 2112 όσων.
504 2046 553 2113 καὶ
576 2048 632 2134 γάρ
647 2043 789 2133 Ὅμηρον,
813 2048 894 2114 καθά
918 2074 1004 2136 φησιν
1023 2047 1292 2134 Ἡρακλείδης,
1316 2050 1493 2134 πεντήκοντα
1516 2053 1664 2137 δραχμαῖς

205 2152 243 2226 ὡς
267 2152 438 2238 μαινόμενον
462 2152 608 2239 ἐτίμησαν,
639 2150 687 2215 καί
718 2151 856 2238 Τυρταῖον
879 2153 1074 2240 παρακόπτειν
1104 2153 1203 2238 ἔλεγον
1225 2152 1273 2218 καί
1301 2153 1518 2237 Ἀστυδάμαντα
1548 2161 1662 2241 πρῶτον

209 2257 363 2343 (πρότερον
387 2262 476 2328 coni.
503 2258 627 2337 Cobet)
650 2262 707 2321 τιῖν
729 2255 793 2342 περὶ
818 2256 965 2346 Αἰσχύλον
989 2257 1127 2343 ἐτίμησαν
1151 2258 1240 2322 εἰκόνι
1261 2263 1369 2345 χαλκῇ.

310 2363 460 2432 Frustra
482 2366 519 2432 iu
537 2364 654 2432 verbis
672 2370 835 2449 corrupte
852 2371 914 2432 aut
935 2362 1106 2446 lacunosa
1123 2362 1262 2431 traditis
1280 2361 1451 2432 sanandis
1478 2362 1663 2431 desudavi.

206 2466 380 2538 Cobetum
403 2467 494 2536 falso
508 2467 683 2552 πεντήκοντα
700 2469 844 2553 δραχμαῖς
861 2466 899 2539 ὡς
916 2466 1087 2551 μαινόμενον
1103 2465 1269 2551 ἐζημίωσαν
1286 2477 1359 2555 (pro
1373 2465 1523 2551 ἐτίμησαν)
1540 2470 1661 2537 conie-

208 2575 300 2642 cisse
323 2593 380 2642 ma
402 2575 544 2642 monuit
559 2574 697 2651 Arnim,
715 2571 847 2641 collata
864 2571 991 2641 Dionis
1009 2571 1135 2658 Chrys
1157 2571 1236 2641 loco
1260 2581 1384 2642 nostro
1403 2571 1588 2641 simillimo
1614 2595 1662 2642 or.

209 2682 262 2758 57,
279 2682 300 2745 ἴ)
317 2676 367 2756 (ΙΙ
382 2698 415 2764 p.
434 2684 486 2758 81,
502 2682 544 2745 25
561 2678 682 2759 Arn.):
707 2672 727 2739 ά
744 2701 792 2760 μοι
816 2679 897 2739 δοκεῖ
918 2672 1083 2759 διανοηθείς
1099 2671 1232 2762 Ὅμηρος
1249 2726 1255 2739 .
1272 2725 1278 2739 .
1295 2676 1342 2740 τδν
1365 2672 1479 2739 ἅπαντα
1503 2673 1667 2760 ἀποδημεῖν

207 2780 319 2868 χρόνον,
344 2777 417 2844 ὥστε
441 2781 551 2867 μηδένα
574 2786 677 2866 γνῶναι
700 2779 751 2862 τήν
773 2779 898 2865 πατρίδα
922 2778 1019 2855 αὐτοῦ,
1043 2777 1092 2843 καί
1115 2784 1226 2864 μᾶλλον
1249 2779 1287 2853 ὡς
1303 2780 1396 2844 ἔοικεν
1413 2780 1561 2865 αἱρεῖσθαι
1584 2780 1669 2843 πέντε

211 2883 260 2949 καί
284 2883 375 2949 εἴκοσι
397 2886 531 2972 δραχμὰς
554 2890 714 2971 προςαιτῶν
746 2888 893 2962 (conicio
923 2885 992 2970 πρδς
1019 2881 1194 2967 Ἀθηναίων)
1230 2884 1388 2970 λαμβάνειν
1421 2880 1470 2947 καὶ
1504 2889 1596 2948 ταῦτα
1631 2882 1669 2955 ὡς

210 2989 391 3075 μαινόμενος,
408 2986 427 3072 ἢ
444 2987 517 3053 οἴκοι
534 2989 651 3073 διάγειν.
687 2987 755 3057 Sed
774 3010 828 3057 ras
851 2993 930 3076 ipsa
953 2993 1083 3058 crassis
1108 2998 1149 3058 ut
1172 2988 1314 3058 videtur
1336 2989 1492 3058 tenebris
1516 2991 1668 3056 circum-

214 3093 381 3163 volvitur.
429 3094 469 3162 In
496 3096 603 3164 verbo
628 3092 727 3177 ἔλεγον
750 3092 860 3162 latare
884 3101 972 3181 puto
997 3093 1206 3163 relationem
1231 3092 1276 3162 ad
1300 3092 1443 3180 Tyrtaai
1468 3092 1612 3177 elegias

388 3681 525 3749 XXIX.
574 3679 666 3766 ΙΙερὶ
690 3688 755 3744 τῶν
783 3679 868 3765 παρ’
904 3679 1097 3766 Εὐριπίδη
1128 3680 1189 3745 καί
1221 3682 1416 3768 Σοφοκλεῖ
1443 3682 1482 3746 Ι”.

841 3801 906 3871 DL
930 3802 1039 3876 V.87.

213 3924 253 3993 cf.
278 3923 373 3992 Plut.
399 3945 470 3992 non
495 3944 601 4009 posse
627 3928 676 3991 12.
702 3927 831 3993 tostini.
860 3929 908 3992 16.

663 4095 782 4164 XXX.
833 4095 924 4183 Περὶ
956 4102 1146 4182 μουσικῆς
1177 4095 1217 4160 l''.

843 4219 906 4286 DL
930 4217 961 4285 V
986 4225 1036 4289 87.

318 4338 436 4407 Huius
460 4338 541 4407 libri
569 4337 639 4407 duo
664 4348 807 4408 exstant
829 4339 1028 4424 fragmenta
1051 4338 1226 4426 ampliora
1247 4345 1282 4406 at
1298 4337 1497 4423 singularia
1514 4358 1671 4425 quorum

216 4441 367 4510 altarum
392 4445 549 4511 servavit
572 4442 792 4522 Athenaeus,
825 4443 977 4513 alterum
1002 4443 1218 4512 Plutarchus
1251 4441 1308 4510 val
1338 4445 1501 4530 quisquis
1534 4441 1672 4511 librum

214 4544 278 4631 περὶ
295 4551 434 4630 μουσικῆς
450 4541 686 4633 compilarit.¹
715 4546 757 4615 ln
776 4547 842 4616 hoc
858 4547 949 4618 libro
966 4568 1054 4615 cana
1069 4545 1166 4634 apud
1184 4546 1428 4615 Onesicratam
1451 4547 1669 4631 magistrum

215 4650 308 4719 iacta
330 4649 461 4735 Lysias
495 4647 650 4737 quidam,
686 4655 763 4738 ipsa
793 4673 935 4739 quoquc
966 4655 1134 4735 magister
1171 4652 1261 4737 (cap.
1290 4655 1356 4730 14),
1392 4658 1427 4718 at
1457 4648 1670 4719 soterichus

216 4753 484 4823 Alexandrinus
517 4756 693 4823 orationes
719 4753 761 4822 da
786 4758 922 4824 musica
946 4754 1088 4824 habant.
1137 4753 1312 4824 Soterichi
1349 4757 1461 4824 oratio
1494 4754 1673 4837 (14-42),

217 4879 307 4945 quae
341 4858 410 4926 fara
445 4866 521 4927 tota
555 4879 598 4926 ax
633 4859 850 4927 Aristoxeno
886 4860 1017 4928 hausta
1052 4865 1107 4927 ast
1141 4858 1197 4939 (cf.
1220 4856 1421 4944 Wsstphal.
1450 4857 1546 4926 Plut.
1581 4858 1673 4928 iiber

217 4961 248 5029 d.
284 4961 375 5030 Mus.
413 4983 445 5049 p.
485 4968 638 5041 14-18),
679 4983 751 5032 non
789 4966 942 5049 partinet
977 4960 1022 5029 ad
1056 4969 1236 5040 nostrum;
1283 4971 1320 5030 at
1355 4965 1458 5032 initio
1494 4964 1673 5031 orationis
