1046 1538
466 175 486 191 13

111 226 191 243 excitant
205 225 332 243 dubitationes.
361 225 407 243 Nam
423 230 445 242 ne
459 225 517 243 dicam
531 225 642 243 Heraclidem
655 226 733 244 Athenis
749 235 772 238 —
788 228 840 244 auts-

110 252 191 273 positum
206 251 252 269 illud
262 251 340 273 Ἀθήνησιν
355 251 378 269 ad
394 252 455 269 omnia
470 252 551 269 membra
565 251 676 269 referendum
688 254 716 269 est
732 261 753 264 —
769 252 840 275 Pytha-

110 283 174 299 goreos
194 277 256 296 audire
275 283 311 295 non
331 278 414 299 potuisse
433 283 473 295 curn
492 278 522 295 his
540 278 651 299 temporibus
669 283 678 295 e
693 278 768 296 Graecia
785 278 840 301 plane

111 305 207 321 evanuisse
219 303 315 321 videantur
327 304 355 323 (cil
364 303 422 321 Zaller
432 304 441 321 l
452 309 468 325 p.
478 305 523 324 310).
540 304 583 326 quid
595 304 630 322 sibi
642 304 682 321 vult
694 304 740 322 illud
751 304 790 321 ἀλλὰ
801 304 839 322 ml?

112 330 153 347 Non
170 330 217 347 inest
234 331 327 347 enuntiato
345 329 467 349 contradictio,
484 331 513 347 eui
531 332 568 347 tam
586 330 627 347 forti
644 330 733 352 particula
748 336 794 353 opus
810 332 838 349 sit.

112 356 178 373 Postea
190 358 217 373 est
229 356 309 373 additum
323 361 333 373 a
341 356 421 377 Diogene
433 356 464 378 qui
476 356 526 373 hunc
538 357 623 373 nuntium
635 357 695 374 nescio
707 356 755 374 unde
762 358 841 379 sumpsit

111 383 204 404 textuique
215 382 262 400 male
274 382 348 400 infersit.
371 382 397 399 De
408 382 477 400 talibus
490 382 619 400 additamentis
631 382 680 405 apud
691 383 790 404 Diogenem
804 384 841 405 egit

112 408 181 426 Usener
197 408 246 431 Epic*
258 414 275 430 p.
287 409 349 431 XXJL
357 414 395 430 sqq*
425 409 487 426 Finxit
501 408 550 426 hanc
561 409 662 426 Heraclidis
673 414 704 431 per
717 409 840 431 Pythagoreos

112 435 229 452 eruditionem
242 436 332 457 quispiam
344 436 375 457 qui
387 440 408 452 ex
417 435 488 456 seriptis
495 434 596 452 Heraclidis
608 435 677 453 sciebat
684 436 745 457 magni
753 437 839 453 momenti

111 461 134 478 ad
146 461 280 483 philosophiam
296 462 334 478 eius
346 461 501 483 Pythagoreorum
516 461 616 479 doctrinam
634 461 690 479 fuisse
701 462 841 484 memineratque

112 492 150 504 non
161 487 221 505 solum
233 488 278 504 inter
294 488 360 509 scripta
371 487 471 504 Heraclidis
488 487 536 504 illud
553 486 586 508 περὶ
601 489 627 503 effu
644 487 748 509 sinna-supsimv
765 489 840 508 exstare,

112 513 144 530 sed
156 523 175 525 -
189 513 237 535 quod
245 513 303 531 multo
311 514 384 535 gravius
392 523 412 525 —
425 514 444 531 in
453 513 562 535 quibusdam
572 513 648 535 dialogis
657 514 715 536 iisque
721 513 840 532 celeberrimis

111 540 233 561 Pythagoram
247 540 307 562 ipsum
323 539 352 557 val
369 539 498 561 discipulorum
513 540 648 561 amicorumque
663 540 734 562 aliquos
745 540 840 562 loquentes

111 566 172 583 induci
189 567 228 583 sive
245 566 267 583 de
284 565 328 583 caeli
346 568 470 587 astrorumque
487 568 554 583 natura
571 566 609 583 sive
628 566 650 583 de
666 566 749 583 Plutonis
764 568 782 584 et
795 566 840 584 Pro—

111 593 193 614 serpinae
210 598 269 614 regno.
299 592 447 609 Additamentum
463 592 509 609 illud
527 594 554 609 est
571 592 671 610 delendum.
700 592 803 610 Heraclides
821 594 841 610 ut

112 618 266 640 Pythagoreorum
278 619 343 640 scripta
355 621 372 635 et
384 618 483 636 doctrinam
496 619 564 640 optime
572 619 628 638 novit.
640 619 665 636 ita
675 620 735 636 tamen
744 618 840 640 disciplina

112 650 173 662 eorum
193 650 237 662 usus
257 650 293 662 non
313 647 345 662 est.
369 654 390 656 —
412 645 439 661 De
462 644 556 662 Heraclide
579 644 699 666 Pythagorico
723 646 741 662 in
764 644 840 667 Joseppi

112 670 254 693 Hypomnestico
266 673 405 688 commemorato
417 670 437 688 ef.
447 670 515 688 Usener
528 670 563 687 Rh.
573 671 597 687 Μ,
606 672 627 688 28
638 676 655 693 p⁴
664 672 751 688 430—32.

164 696 250 715 Videmus
266 698 320 718 igitur
334 696 446 714 Heraclidem
463 697 541 714 Athenis
557 697 633 718 primum
650 696 672 714 ad
688 696 809 719 Speusippum
821 702 841 714 se

112 723 237 745 applicantem>
266 723 300 740 Per
317 724 364 740 hunc
382 724 470 745 particeps
486 723 545 740 factus
560 724 587 740 est
602 723 676 740 scholae
687 723 776 743 Platonis.
788 724 839 741 ouius

112 750 158 767 inter
175 749 274 772 discipulos
292 755 333 767 mox
350 750 449 771 graviorem
467 749 528 767 locum
546 749 581 766 sibi
599 750 710 772 comparavit
725 752 742 767 et
757 755 792 772 quo
809 749 840 767 diu

112 776 251 794 familiarissime
270 782 314 793 usus
335 781 374 793 esse
393 776 468 793 videtur.
499 775 552 796 Quod
571 776 617 793 bene
635 776 694 793 elucet
712 781 734 793 ex
753 777 775 794 iis
794 781 840 798 qnae

111 802 188 823 legimus
200 802 259 820 Procli
270 802 309 820 loco
322 802 375 819 valde
387 802 499 819 memorabili
511 803 532 822 (t.
546 803 574 822 17)
586 802 618 819 ubi
630 802 733 820 Heraclides
745 804 806 820 narrat
821 808 840 820 se

112 834 123 846 a
134 829 211 846 Platone
222 828 346 851 Colophonem
358 829 433 846 missum
445 834 490 847 esse.
502 830 522 845 ut
536 828 639 845 Antimacbi
654 829 733 846 carmina
748 828 840 850 colligerat

112 855 133 872 cf.
146 854 217 873 Wilam.
230 854 277 872 Phil.
290 855 371 872 Unterss.
383 854 408 872 IV
416 860 433 876 p.
446 856 478 872 284
489 860 514 876 sq.
551 854 570 871 Si
583 854 632 872 aliud
647 854 694 872 nihil
710 854 731 872 de
746 854 840 872 Heraclide

112 881 195 899 Platonis
207 881 296 903 discipulo
308 881 411 901 traderetur,
427 880 461 898 hoe
476 880 531 903 plane
545 880 598 898 nobis
615 880 704 898 sufficeret
718 882 738 898 ut
749 881 839 898 artissimo

113 908 179 925 amoris
198 907 270 925 vinculo
290 907 323 925 hus
343 908 391 925 viros
411 907 466 924 fuisse
485 908 591 925 coniunctos
615 909 738 924 statueremus,
769 907 804 924 Sed
823 910 841 924 et

112 934 219 956 scriptorum
228 934 266 951 eius
275 934 379 955 fragmenta.
386 933 545 955 quantulacunque
554 934 630 951 aetatem
638 933 719 950 tulerunt
727 934 813 955 iniquam,
822 935 840 951 et

112 960 184 977 testium
204 959 252 977 haud
267 959 331 977 vilium
349 960 401 977 turba
418 959 464 977 idem
480 959 538 979 docet,
555 961 601 977 inter
618 965 662 981 quos
679 959 745 980 cicero,
760 960 839 981 quinon

112 986 171 1003 solum
183 985 296 1003 Heraclidem
307 985 384 1003 multum
396 986 441 1007 legit
453 988 470 1003 et
481 986 548 1008 optime
564 986 615 1003 novit
629 985 660 1003 sed
672 986 726 1003 etiam
737 986 840 1008 exemplum

112 1013 131 1029 in
143 1012 220 1033 dialogis
232 1012 365 1030 conscribendis
382 1012 430 1029 hunc
445 1011 576 1033 philosophum
591 1011 614 1029 ad
629 1011 736 1029 imitandum
752 1012 787 1030 sibi
798 1017 840 1034 pro-

111 1039 176 1060 posuit.
205 1038 272 1055 Tamen
289 1039 350 1059 negari
365 1044 402 1056 non
417 1040 478 1060 potest
495 1038 550 1055 aliam
566 1037 614 1059 apud
629 1039 697 1055 veteres
713 1038 803 1055 exstitisse
819 1037 841 1055 de

111 1064 205 1082 Heraclide
223 1065 332 1086 opinionem,
345 1070 398 1086 quam
415 1065 446 1086 qui
462 1064 584 1086 sequebantur
599 1065 644 1081 inter
659 1065 784 1086 peripateticus
799 1069 840 1081 eum

111 1093 242 1108 recensuerunt.
271 1090 316 1108 Nam
337 1096 374 1108 non
395 1091 451 1112 probo
469 1090 517 1112 quod
536 1090 674 1108 Wilamowitziu
692 1090 747 1110 (Phil.
759 1089 802 1107 Uut.
815 1089 840 1107 IV

111 1122 127 1139 p.
137 1118 169 1134 329
181 1117 202 1134 A⁴
212 1117 241 1137 14)
258 1116 328 1138 placere
343 1116 418 1137 videtur,
435 1117 491 1134 vitam
503 1117 619 1133 Laertianasn
631 1121 674 1133 casu
692 1116 775 1138 quodam.
792 1115 840 1137 quod

111 1143 201 1164 Diogenes
213 1142 259 1160 duos
271 1143 330 1160 sontes
342 1142 458 1162 confudisset.
473 1144 519 1160 inter
535 1143 660 1164 peripateticae
678 1142 778 1160 devenisse:
795 1144 840 1164 puto

112 1169 147 1187 hoc
158 1168 198 1186 loco
210 1174 228 1186 re
240 1174 281 1186 vera
293 1168 407 1186 traditionem
419 1169 504 1187 exhiheri.
522 1174 569 1190 quse
581 1168 694 1186 Heraclidem
705 1169 840 1190 peripateticum

113 1195 210 1213 iudicabat.
233 1195 301 1212 Eadem
313 1195 366 1212 nobis
379 1196 445 1212 occurit
457 1194 504 1216 apud
517 1194 635 1212 Plutarchum
644 1194 664 1214 (t.
675 1195 699 1211 15.
710 1194 761 1214 16).¹)
781 1194 840 1214 Quam

112 1222 131 1239 in
151 1222 258 1239 sententiam
279 1226 371 1242 nunquam
391 1222 425 1238 viri
444 1220 491 1238 docti
511 1220 586 1242 quidam
605 1220 653 1242 apud
672 1222 740 1237 veteres
763 1220 839 1237 incidere

164 1286 175 1302 ¹)
184 1286 205 1301 Δι
213 1285 263 1301 Procli
271 1286 313 1300 locus
323 1286 339 1304 [t.
349 1286 370 1303 14]
380 1285 463 1300 certissime
472 1285 551 1300 confirmat
561 1284 627 1300 Platonis
637 1283 728 1302 discipulum
738 1284 785 1299 ruisse
793 1284 840 1299 Hen-

111 1307 173 1322 clidam:
183 1307 209 1325 qui
215 1312 224 1322 a
230 1307 298 1322 doctrina
304 1307 372 1322 Platonis
378 1307 445 1324 magistri
452 1307 496 1322 unice
503 1311 539 1321 vera
547 1308 624 1325 tantopere
633 1306 720 1323 aberrasset.
730 1307 746 1320 ut
753 1305 840 1321 Platonicus

111 1329 141 1344 iam
150 1333 181 1344 non
190 1328 262 1347 umbri
270 1330 324 1347 nosset.
