3570 5574
340 634 433 704 Plut.
451 634 527 704 Per.
549 641 599 704 35.

236 756 388 842 ἐπεγράφη
422 757 455 821 δὲ
489 762 525 841 τῆ
559 755 624 841 δίκη
659 756 827 841 κατήγορος,
861 755 901 826 ώς
935 754 986 839 μέν
1013 754 1175 840 Ἰδομενεύς
1209 757 1296 842 λέγει,
1332 757 1444 831 Κλέων,
1479 756 1518 828 ως
1550 749 1624 821 δέθ

131 861 327 947 θεόφραστος,
352 860 485 946 Σιμμίας,
509 860 525 925 ὑ
548 860 588 924 δέ
613 860 796 932 Ηυντικὺς
816 858 1073 945 Ἡρακλείδης
1097 861 1280 946 Λακρατίδαν
1304 859 1409 947 εἴρηκε.

344 1052 471 1123 Athen.
489 1053 560 1122 XII
576 1057 640 1121 536
649 1053 670 1120 f.
717 1052 757 1120 ef.
776 1050 915 1120 Aelian.
934 1073 965 1133 ν,
985 1052 1018 1120 h.
1037 1050 1087 1121 IV
1101 1057 1152 1122 23.

236 1173 300 1261 περί
324 1174 357 1239 δέ
382 1174 512 1240 Καλλίου
542 1172 591 1238 καί
619 1180 673 1239 τῶν
703 1172 804 1238 τούτου
827 1173 963 1237 κολάκων
993 1173 1143 1260 φθάνομεν
1166 1172 1215 1238 καί
1238 1175 1377 1261 πρότερον
1407 1173 1547 1246 εἰπόντες·
1562 1175 1584 1251 θ

133 1275 199 1341 ἀλλ’
218 1277 281 1343 ἐπεί
304 1278 684 1367 καινῶςἩρακλείδης
713 1278 728 1342 ὑ
754 1279 940 1350 ΙΙοντικὺς
971 1281 1079 1364 ἐντῷ
1103 1278 1189 1364 περὶ
1212 1279 1351 1364 ήδονῆς
1384 1279 1491 1365 ἱστορεῖ
1519 1277 1583 1364 περί

133 1380 233 1458 αὑτοῦ,
257 1380 372 1449 ἀνωθεν
395 1383 548 1470 ἀναλαβών
571 1384 764 1468 διηγήσομαι·

238 1502 286 1570 ὑτε
307 1507 340 1570 τὸ
363 1513 474 1594 πρῶτον
497 1507 538 1579 είς
561 1503 688 1592 Εὔβοιαν
717 1504 910 1592 ἐστράτευσαν
933 1507 958 1570 οἱ
985 1508 992 1571 Ι
1000 1507 1103 1593 ίέρσαι,
1134 1506 1207 1579 τότε,
1238 1502 1275 1579 ὥς
1299 1531 1394 1592 φασιν,
1420 1505 1626 1592 Ἐρετριεὺς7

132 1608 208 1695 ἀνὴρ
232 1610 408 1695 Διόμνηστος
438 1611 533 1698 κύριος
562 1613 674 1695 ἐγένετο
704 1617 758 1675 τῶν
788 1617 839 1675 τοῦ
870 1617 1029 1696 στρατηγοῦ
1057 1611 1225 1698 χρημάτων.
1282 1609 1384 1697 ἔτυχεν
1413 1612 1468 1697 γοίρ
1497 1613 1590 1698 ἐντῷ

132 1713 216 1800 ἀγρῷ
234 1721 276 1800 τῷ
294 1715 405 1780 ἐκείνου
430 1723 539 1801 σκηνῶν
561 1714 610 1781 καί
633 1717 668 1780 τά
691 1715 830 1803 γρήματα
855 1716 894 1788 εἰς
917 1713 1025 1800 οἴκημά
1048 1740 1075 1779 τι
1099 1716 1220 1800 θέμενος
1243 1722 1293 1800 τῆς
1315 1714 1416 1788 οἰκίας.
1453 1720 1587 1799 τελευτη-

135 1818 248 1882 σάντων
271 1819 303 1883 δέ
327 1820 442 1885 πάντων
474 1823 611 1887 διέλαθεν
635 1819 713 1908 ἔχων
736 1820 751 1884 ὑ
776 1819 951 1905 Διόμνηστος
981 1820 1012 1883 τὸ
1044 1818 1169 1907 χρυσίον.
1224 1817 1287 1884 ἐπεὶ
1316 1818 1349 1883 δέ
1379 1819 1465 1884 πάλιν
1495 1818 1511 1883 δ
1534 1826 1588 1883 τῶν

136 1923 255 2008 ΙΙερσῶν
288 1926 423 2010 βασιλεὺς
457 1926 625 1991 ἀπέστειλεν
661 1927 701 1999 εἰς
735 1924 785 2006 τῆν
817 1923 969 2011 Ἐρετρίαν
1016 1924 1193 2010 στράτευμα,
1238 1923 1394 2010 προςτάξας
1429 1924 1589 1989 ἀνάστατον

136 2028 300 2112 [γενέσθαιε
338 2029 403 2099 del.
433 2029 552 2117 [Ἀθά]
584 2035 703 2115 ποιῆσαι
733 2030 784 2113 τῆν
818 2029 912 2111 πόλιν,
946 2029 1065 2101 εἰκότως
1101 2027 1298 2103 ὑπεξετίθεντο
1332 2027 1396 2093 ὑσοι
1429 2029 1589 2117 γρημάτων

134 2131 291 2218 ηὑπόρουν.
336 2135 362 2198 οί
386 2129 436 2199 οὑν
458 2135 717 2220 καταλελειμμένοι
740 2140 790 2219 τῆς
807 2133 985 2219 Διομνήστου
1009 2133 1101 2207 οἰκίας
1124 2133 1189 2220 παρ’
1204 2132 1368 2199 Ἱππόνικον
1391 2135 1439 2198 τόν
1458 2132 1588 2200 Καλλίου

135 2233 333 2324 τδνἌμμωνα
346 2240 574 2325 ἐπικαλούμενον
594 2239 766 2314 ὑπεξέθεντο
778 2239 813 2303 τοί
825 2239 964 2326 χρήματα
977 2240 1017 2312 εἰς
1029 2240 1080 2312 τοίς
1090 2238 1223 2323 Ἀθήνας,
1244 2237 1293 2305 καὶ
1311 2239 1589 2305 ἀνασκευασθέντων

136 2341 194 2406 ὑπὸ
217 2348 271 2407 τών
295 2345 411 2430 ίἸερσών
440 2345 576 2411 ἁπάντων
605 2351 657 2410 τών
687 2343 783 2428 (add.
808 2345 961 2426 Musur.)
989 2342 1163 2430 Ἐρετριέων
1192 2345 1334 2432 κατέσχον
1357 2339 1435 2409 οὑτοι
1458 2344 1494 2409 τσί
1517 2344 1590 2432 χρή-

136 2473 217 2532 ματα
248 2449 341 2513 πολλοί
376 2445 452 2514 όντα.
507 2448 580 2516 ὥστε
598 2449 762 2523 Ἱππόνικος
790 2448 806 2514 ὁ
830 2448 877 2514 ἀπ’
906 2447 1016 2513 ἐκείνου
1039 2450 1162 2533 γεγονώς
1191 2455 1243 2513 τοι]
1265 2449 1316 2534 τῆν
1338 2449 1591 2535 παρακαταθήκην

137 2551 276 2638 λαβόντος
300 2551 407 2641 ήτησεν
427 2554 597 2641 Ἀθηναίους
620 2555 690 2620 ποτέ
713 2558 743 2619 ἐν
767 2553 925 2640 ἀκροπόλει
948 2553 1044 2631 τόπον,
1065 2552 1099 2617 ἵν’
1118 2553 1345 2639 οἰκοδομήσηται
1368 2557 1425 2627 τοῖς
1444 2554 1591 2642 χρήμασιν

138 2653 212 2720 ὅπου
235 2657 370 2737 κείσεται,
402 2658 519 2746 [λέγωνε
553 2660 619 2730 del.
637 2659 806 2744 Meinek.]
837 2658 875 2732 ὡς
898 2657 950 2722 οὐκ
974 2657 1104 2744 ἀσφαλὲς
1128 2655 1158 2722 ὃν
1182 2660 1212 2722 ἐν
1234 2660 1367 2745 ἰδιωτικῇ
1395 2658 1473 2745 οἰκίᾳ
1496 2660 1590 2725 πολλὰ

1363 2762 1513 2786 isaei

137 2763 278 2848 χρήματα
303 2765 383 2829 εἰναι.
428 2764 477 2830 καί
502 2766 604 2830 ἔδοσαν
618 2765 640 2844 2)
674 2762 718 2845 (ἀν
743 2763 821 2834 add.
839 2763 992 2845 Wilam.)
1013 2762 1176 2847 Ἀθηναῖοι·
1204 2767 1390 2848 νουθετηθεις
1414 2790 1430 2828 ο
1461 2791 1516 2829 οπο
1539 2771 1592 2829 τῶν

137 2867 232 2954 φίλων
263 2871 443 2956 μετενόησεν.
498 2869 607 2934 τούτων
636 2865 686 2934 οὑν
716 2865 817 2953 [όντων
843 2869 883 2936 A:
917 2892 984 2939 om.
1011 2868 1044 2950 E]
1077 2874 1131 2932 τῶν
1154 2868 1313 2956 χρημάτων
1337 2867 1469 2942 Καλλίας
1497 2869 1593 2955 κύριος

137 2973 291 3060 γενόμενος
315 2974 364 3041 καί
387 2976 457 3062 πρός
480 2974 587 3060 ῆδονῆν
610 2974 716 3060 βιώσας
740 3013 780 3020 -
804 2976 880 3038 ποῖοι
903 2974 959 3060 γάρ
982 2971 1016 3037 ού
1033 2975 1157 3044 κόλακες
1180 2970 1240 3057 ῆτί
1256 2974 1368 3057 πλῆθος
1391 2973 1448 3061 οὑχ
1472 2971 1593 3060 ἑταίρων

137 3076 205 3164 περὶ
228 3079 315 3145 αὑτὸν
338 3075 420 3165 ήσαν,
444 3079 528 3153 ποίας
551 3079 583 3144 δέ
611 3078 742 3151 δαπάνας
765 3077 822 3165 οὑχ
847 3076 996 3164 ὑπερεώρα
1016 3076 1120 3150 ’κεῖνος
1145 3116 1185 3125 -
1209 3076 1278 3142 ἀλλ’
1294 3075 1373 3162 ὑμως
1397 3078 1437 3149 εἰς
1459 3084 1594 3142 τοσοῦτον

139 3182 229 3249 αὑτὸν
262 3186 447 3273 περιέστησεν
479 3183 648 3272 (ἀπορίας)
682 3183 777 3265 (add.
810 3181 982 3261 Meinek.)
1018 3181 1032 3246 ὑ
1067 3180 1132 3268 περὶ
1170 3181 1276 3267 ήδονῆν
1314 3180 1374 3268 βίος
1411 3179 1483 3246 ὥστε
1521 3186 1593 3269 μετά

138 3289 260 3375 γρᾳδίου
283 3290 431 3377 βαρβάρου
461 3292 602 3354 διατελεῖν
624 3287 798 3374 ήναγκάσθη
828 3286 877 3352 καί
907 3294 962 3352 τῶν
990 3285 1157 3371 ἀναγκαίων
1187 3293 1241 3350 τῶν
1271 3285 1341 3351 καθ’
1360 3285 1472 3372 ῆμέραν
1494 3290 1595 3373 ἐνδεῆς

139 3393 293 3479 γενόμενος
315 3396 364 3459 τὸν
387 3394 448 3481 βίον
472 3395 667 3478 ἐτελεύτησεν.
711 3395 759 3458 τὸν
782 3392 814 3458 δέ
838 3391 949 3468 Νικίου,
973 3390 1053 3478 φησί,
1077 3398 1128 3456 τοῦ
1146 3391 1336 3477 ΙΙεργασῆθεν
1359 3396 1481 3455 πλοῦτον
1504 3389 1523 3476 ῆ
1547 3394 1594 3456 τόν

139 3497 323 3587 Ἰσγυμάχου
347 3498 418 3572 τίνες
435 3499 606 3574 ἀπώλεσαν;
629 3498 681 3563 οὑκ
699 3497 866 3582 Αὐτοκλέης
882 3495 930 3561 καὶ
944 3495 1102 3580 Ἰἰπικλεής
1119 3495 1147 3560 οἳ
1162 3495 1220 3581 μετ’
1239 3494 1376 3580 ἀλλήλων
1393 3494 1595 3563 ἀσωτεύεσθαι

143 3604 200 3690 πρὸ
223 3609 273 3668 τοδ
296 3603 356 3668 κατ’
376 3605 545 3692 ἐγκράτειαν
570 3603 608 3684 (οἰ.
624 3631 652 3668 π.
668 3630 691 3667 τ.
707 3630 732 3666 κ.
790 3602 911 3671 addidi
935 3600 1129 3671 Aelianum
1154 3602 1308 3679 secutus)
1332 3606 1384 3684 ζῆν
1407 3602 1595 3687 προελόμενοι

141 3707 192 3772 καί
222 3707 302 3773 πάντ’
328 3711 358 3773 ἐν
390 3711 519 3775 ἐλάττονι
550 3710 716 3794 ποιούμενοι
747 3713 797 3791 τῆς
820 3707 933 3792 ῆδονῆς,
972 3706 1074 3790 ἐπειδίΙ
1104 3704 1199 3769 πάντα
1226 3704 1446 3783 κατανάλωσαν,
1481 3707 1596 3771 κώνειον

141 3812 254 3886 πιόντες
278 3810 340 3898 ἅμα
363 3816 411 3878 τὺν
434 3814 495 3901 βίον
518 3814 725 3897 ἐτελεύτησαν;

351 3989 481 4059 Athen.
499 3991 571 4059 ΧΠ
587 3986 682 4058 552f.

244 4108 502 4196 Ἡρακλείδης
540 4110 568 4175 δ’
599 4109 614 4175 ὑ
650 4108 835 4180 Ποντικός
873 4108 909 4170 ἐν
942 4112 991 4192 τῷ
1020 4104 1103 4191 περί
1138 4105 1272 4191 ἡδονῆς
1305 4102 1419 4169 Δεινίαν
1448 4101 1518 4190 ’ρησί
1549 4103 1640 4193 τὺν8

143 4216 316 4301 μυροπώλην
338 4216 385 4280 διά
409 4218 519 4303 τρυφήν
543 4217 582 4288 εἰς
606 4215 716 4302 ἔρωτας
736 4212 900 4299 ἐμπεσόντα
923 4209 971 4274 καί
994 4212 1088 4276 πολλά
1111 4212 1251 4300 χρήματα
1268 4206 1465 4284 ἀναλώσαντα,
1489 4207 1527 4281 ὡς
1543 4207 1597 4282 ἔξω

142 4328 196 4385 τῶν
219 4325 377 4407 ἐπιθυμιῶν
408 4321 531 4404 ἐγένετο,
561 4320 616 4384 ὑπὸ
646 4320 738 4403 λύπης
770 4318 990 4405 ἐκταραχθέντα
1025 4320 1153 4402 ἐκτεμεῖν
1185 4316 1275 4380 αὑτοῦ
1301 4315 1337 4379 τοὶ
1367 4315 1472 4390 αἰδοῖα,
1506 4319 1598 4378 ταῦτα

144 4426 238 4490 πάντα
261 4425 399 4510 ποιούσης
422 4432 473 4512 τῆς
497 4424 661 4490 ἀκολάστου
684 4430 801 4510 τρυφῆς.

146 4604 456 4612 --—-——-

252 4705 270 4774 ¹)
280 4704 412 4765 Adnotat
423 4703 594 4764 Kaibelius:
607 4703 669 4767 ..De
680 4702 792 4762 Calliae
802 4700 1007 4761 adulatoribus
1016 4717 1054 4758 ne
1064 4716 1098 4758 eo
1108 4699 1229 4770 quidem
1239 4697 1304 4757 ioco
1316 4695 1395 4756 dixit
1404 4695 1599 4766 (Athenaeus)

145 4810 204 4864 quo
224 4792 262 4853 de
279 4792 450 4853 adulatione
468 4811 506 4851 ex
524 4790 677 4864 proposito
696 4790 756 4860 egit
776 4787 834 4859 (VI
853 4807 916 4858 cap.
927 4792 960 4846 53
980 4788 1072 4857 sqq.i;
1093 4792 1190 4857 potest
1210 4803 1281 4844 sane
1296 4783 1409 4843 Calliae
1426 4782 1598 4853 exemplum

146 4879 345 4948 intercidisse,
365 4880 418 4940 sed
436 4879 619 4952 probabilius
638 4882 685 4937 est
703 4877 776 4935 haee
796 4875 896 4935 omnia
914 4891 973 4932 non
992 4874 1139 4933 Athenaei
1159 4874 1247 4932 verba
1265 4888 1340 4938 esse,
1360 4871 1411 4929 sed
1430 4870 1496 4930 eius
1514 4868 1601 4928 cuius

144 4966 256 5026 librum
274 4971 333 5043 περὶ
344 4970 563 5041 παλαῖαςτρυρῆς
582 4966 634 5025 ille
652 4963 852 5034 compilavit&
880 4960 928 5021 Ex
946 4960 1049 5020 eodem
1069 4961 1145 5020 libro
1164 4961 1317 5018 fluxerunt
1335 4957 1369 5016 fr.
1384 4962 1457 5027 1—3‚
1469 4961 1493 5027 8,
1507 4961 1547 5028 10,
1560 4962 1601 5015 11·

251 5056 271 5124 ²)
290 5055 399 5125 siquid,
418 5053 525 5112 addam
544 5058 598 5124 μὲν.
