3570 5574
835 398 875 462 87

131 598 157 662 οἱ
181 598 232 682 μὲν
256 599 311 685 γολρ
336 599 375 670 εἰς
399 597 504 685 Τροίαν
536 599 670 673 ἐλθόντες
692 603 721 675 ἐξ
745 601 848 666 ἑκατὸν
871 597 945 687 ἦσαν
968 602 1092 681 πόλεων,
1123 612 1173 671 τοῦ
1196 604 1228 670 δὲ
1248 605 1413 681 Ὀὂοσσὲῶς
1445 609 1484 682 εἰς
1507 609 1585 673 οἶκον

130 701 248 786 ἥκοντος
281 703 338 767 ἔτει
369 703 484 790 ὀεκοίτιρ
515 706 587 789 μετὰ
623 705 677 786 (ἔτι
705 705 736 770 δὲ
768 709 897 771 καὶτῶν
925 708 998 794 μετὰ
1022 709 1121 778 Leid.
1136 710 1223 780 Ven.
1249 713 1296 780 B:
1321 733 1406 782 corr.
1433 712 1584 795 Bekker)

131 806 236 894 Τραίας
260 806 369 872 ἅλωσιν
393 807 441 873 καὶ
467 810 549 893 (om.
566 810 624 894 L.)
654 810 753 896 φήμης
784 811 940 897 ὀιηκούσης
971 814 1145 899 (ὖιοικοόσης
1170 815 1227 884 L.:
1260 839 1344 886 corr.
1371 817 1506 902 Bekk.)‚
1542 814 1585 883 ὅτι

131 913 329 999 πετόρλληνται
364 914 435 978 δέκα
470 914 568 986 πόλεις
602 918 632 979 ἐν
670 915 772 1002 Κρήτη
807 914 856 980 καὶ
887 913 938 981 eda
971 917 1025 982 εἰσί
1055 945 1116 993 ποις
1140 921 1359 1006 σννιρκισμὲναι,
1394 923 1467 1007 μετὰ
1498 922 1584 1008 λόγου

131 1017 254 1103 μαίνοιτ’
274 1015 309 1082 dr
329 1017 486 1090 ’λλῦυσσεύς
518 1020 610 1104 λέγων
640 1020 894 1104 ἐνενηκοντάπολιν
917 1022 968 1106 την
994 1023 1119 1109 Κρήτην,
1150 1021 1234 1102 ὥστε,
1265 1027 1289 1089 εἰ
1314 1023 1362 1090 καὶ
1387 1027 1426 1112 μὴ
1451 1028 1486 1092 τὰ
1511 1026 1584 1093 αὐτὰ

132 1121 276 1209 περὶτῶν
300 1121 396 1187 αὐτῶν
420 1124 510 1209 λέγει,
535 1123 569 1188 οὐ
593 1125 689 1208 μέντοι
712 1125 760 1189 di
784 1125 939 1190 τοῦτοκαὶ
964 1131 1048 1209 (om,
1066 1129 1113 1213 L)
1139 1129 1285 1216 ψεύδεται.
1325 1131 1585 1204 Difficultatem

134 1228 359 1298 choriccntes
383 1237 582 1311 moverunt,
614 1229 695 1299 vide
719 1231 877 1302 Ariston.
896 1230 1015 1303 Schcl.
1038 1233 1072 1302 A
1097 1233 1141 1302 ad
1165 1233 1204 1304 Il.
1224 1236 1253 1304 B
1279 1241 1342 1305 649
1367 1235 1583 1323 (Schrader).

574 1422 728 1491 XXXII.
777 1425 1085 1509 θεωρηματικόν
1110 1425 1153 1490 λ’.

768 1545 833 1614 DL
850 1545 882 1612 V
899 1553 949 1616 88.

377 1716 550 1786 XXXIII.
598 1716 690 1803 ΙΙερὶ
718 1725 786 1781 τῶν
815 1725 929 1804 τριῶν
960 1726 1261 1808 τραγῳδοποιῶν
1291 1723 1335 1789 λ’.

772 1842 951 1913 DLV88.

590 2013 760 2083 XXXIV.
808 2015 1067 2102 Χαρακτῆρες
1093 2018 1136 2082 λ’.

770 2137 834 2204 DL
853 2137 884 2204 V
901 2144 951 2209 88.

398 2308 550 2377 XXXV.
600 2306 692 2394 Περὶ
723 2317 931 2397 ποιητικῆς
961 2311 1024 2376 καὶ
1053 2319 1118 2377 τῶν
1146 2322 1310 2399 ποιητῶν
1341 2316 1376 2381 λ.

771 2433 835 2501 DL
854 2433 885 2501 V
902 2440 952 2504 88.

344 2622 457 2692 Proel.
484 2626 520 2691 in
544 2623 636 2692 l'lat.
661 2623 749 2693 Tim.
773 2624 859 2694 280
882 2647 915 2712 p.
934 2630 975 2694 64
999 2626 1207 2698 Schneider:

241 2743 320 2830 εἴπερ
351 2744 406 2829 γάρ
436 2770 475 2816 τις
506 2740 593 2816 ἄλλος
623 2744 671 2809 καὶ
695 2753 822 2830 ποιητῶν
853 2742 966 2832 ἄριστος
990 2749 1086 2834 κριτὴς
1109 2749 1124 2813 ὁ
1151 2749 1283 2828 ΙΙλοίτῶν,
1315 2749 1356 2822 ῶς
1380 2749 1428 2815 καὶ
1452 2755 1586 2836 Λογγῖνος
1607 2751 1652 2823 91

137 2851 308 2934 συνίστησιν·
329 2850 587 2937 Ἡρακλείδης
609 2857 677 2934 γοῦν
700 2849 715 2915 ὁ
741 2852 920 2925 Ποντικός
951 2878 1046 2938 φησιν,
1077 2850 1120 2917 ὅτι
1143 2861 1201 2918 τῶν
1224 2854 1364 2941 Χοιρίλον
1388 2855 1453 2920 τότε
1476 2855 1587 2921 εὐδοκι-

136 2957 265 3040 μούντων
297 2957 421 3020 Ηλοίτιον
451 2956 485 3020 τὰ
514 2954 689 3042 ’,λντιμοὶχοο
719 2954 896 3041 προύτίμησε
926 2954 975 3020 καὶ
1005 2955 1091 3021 αὐτὸν
1120 2957 1218 3022 ἔπεισε
1248 2961 1295 3023 τὸν
1314 2959 1513 3044 Ἡρακλείδην
1548 2962 1588 3034 εἰς

140 3061 306 3146 Κολοφῶνα
330 3061 453 3124 ἐλθόντα
477 3061 511 3124 τὰ
535 3059 684 3144 ποιήματα
708 3061 841 3134 συλλέξαι
863 3067 914 3126 τοῦ
937 3060 1048 3147 ἀνδρός.

544 3233 715 3303 XXXVI.
764 3233 857 3322 ΙΙερὶ
881 3243 1104 3324 στοχασμοῦ
1129 3235 1172 3301 λ’.

775 3357 955 3429 DLV88.

600 3530 788 3601 XXXVII.
838 3532 1052 3618 ΙΙροοττικοὶ
1079 3535 1121 3600 λ’.

775 3654 839 3722 DL
857 3653 889 3720 V
906 3661 955 3725 88.

347 3831 415 3897 Cic.
442 3829 484 3897 de
508 3828 616 3897 divin.
642 3828 657 3896 l
681 3833 733 3906 23,
756 3833 814 3897 46:

248 3953 396 4020 Matrem
423 3949 627 4019 Phalaridis
659 3951 782 4020 scribit
807 3951 1024 4020 Ponticus
1050 3951 1342 4031 Heraclides
1374 3952 1500 4022 doctus
1526 3953 1589 4030 vir,
1610 3952 1657 4023 92

141 4057 281 4126 auditor
306 4064 341 4124 et
365 4055 563 4143 discipulus
587 4055 762 4134 Platonis,
792 4060 905 4124 visam
931 4077 1008 4123 esse
1031 4054 1150 4125 videre
1176 4061 1212 4126 in
1238 4061 1373 4125 somnis
1399 4054 1591 4125 simulacra

142 4161 288 4230 deorum
324 4182 413 4246 quae
446 4163 527 4247 ipsa
555 4158 651 4228 domi
682 4163 979 4240 consecravisse
1015 4182 1057 4228 ex
1083 4163 1126 4229 iis
1151 4161 1366 4230 Mercurium
1395 4163 1432 4229 in
1456 4166 1589 4248 patera.

146 4288 251 4353 quarn
278 4265 421 4333 dextera
444 4286 553 4333 manu
578 4272 722 4343 teneret,
751 4268 963 4349 sanguinem
987 4269 1104 4335 visum
1130 4287 1207 4334 csse
1231 4265 1394 4344 iirnder·e;
1426 4268 1591 4352 quicum

142 4383 270 4440 terram
305 4373 495 4454 attigisset,
530 4369 758 4438 refervescere
788 4369 966 4439 videretur
996 4375 1057 4449 sir,
1092 4380 1133 4438 ut
1162 4377 1237 4438 tcta
1261 4368 1390 4440 domus
1415 4371 1591 4454 sanguine

142 4474 363 4544 redundaret.
427 4472 531 4555 Quod
573 4478 697 4543 matris
736 4496 903 4543 sumnum
943 4478 1109 4543 immanis
1148 4473 1215 4543 filii
1254 4473 1446 4543 erudelitas
1493 4495 1589 4542 ccm-

141 4583 315 4669 probavit.

244 4701 664 4780 Tertull.dcani1u.46,
695 4724 800 4788 quem
823 4701 940 4771 iocuru
975 4701 1134 4770 Deswert
1164 4723 1195 4787 p.
1224 4706 1294 4779 182.
1324 4699 1461 4769 Rculeu
1491 4722 1524 4786 p.
1549 4705 1591 4769 69

141 4817 261 4877 nostru
288 4807 466 4877 Heraclidi
490 4806 588 4886 dant,
613 4829 684 4876 non
709 4814 764 4874 est
788 4809 879 4885 cius;
904 4805 1016 4873 schel.
1043 4806 1210 4874 Aeschin.
1238 4828 1284 4873 cr.
1310 4809 1341 4878 2.
1367 4811 1406 4874 10
1431 4802 1591 4873 eiusdem

141 4913 283 4983 fabulae
318 4911 483 4981 'i'inraeus
519 4923 641 4981 auctor
678 4911 833 4990 affertur,
869 4933 911 4980 ex
941 4933 1011 4998 quc
1043 4909 1248 4980 Heraclides
1285 4949 1325 4956 -
1362 4910 1520 4979 Lembus
1551 4917 1592 4978 ut

139 5028 227 5106 putu
259 5055 291 5063 -
317 5039 383 5086 sua
406 5017 571 5087 hausisse
595 5017 743 5087 videtur.
