3570 5574
909 399 951 465 52

200 605 254 671 οὐκ
277 603 368 672 ἄλλου
392 605 474 681 τινός,
497 605 571 669 κατὰ
597 603 779 689 συμβεβηκός
802 602 834 667 δέ
856 626 933 671 τινας
957 599 1102 665 ἐκπίπτειν
1127 600 1167 671 είς
1190 598 1355 685 ἀφροδίσια.
1401 598 1443 666 ef.
1465 597 1507 665 R.
1526 597 1664 672 Hirzel,

201 709 362 779 Unterss.
380 710 415 778 II
434 718 448 779 1
474 732 506 797 p.
525 715 599 780 396.
647 708 762 777 Zeller
784 706 851 774 Ph.
870 705 902 773 d.
922 705 962 774 G.
981 705 1014 773 11
1034 704 1072 773 1¹¹
1096 726 1129 791 p.
1151 710 1233 773 1039
1252 705 1285 771 A
1302 707 1331 770 2.

403 882 522 952 Schol.
549 881 713 951 German.
740 878 800 946 BP
824 902 857 967 p.
884 884 957 958 102,
983 885 1022 947 10
1048 878 1059 933 3'
1085 877 1217 962 Hygin.
1243 884 1325 944 astr.
1351 875 1384 942 II
1409 879 1459 942 42.

587 1003 732 1080 Bobert,
757 1001 938 1070 Eratosth.
965 1000 1038 1068 Cat.
1064 1021 1096 1086 p.
1125 1005 1194 1067 194.
1221 1004 1271 1066 95.

133 1143 181 1215 25
247 1139 289 1209 de
323 1141 382 1209 his
419 1141 509 1220 (scil.
535 1139 708 1228 planetis)
744 1142 880 1226 primus
1002 1159 1151 1225 quarum
1188 1135 1279 1215 (scil.
1313 1135 1499 1205 stellarum
1535 1135 1663 1202 errati-

202 1243 882 1332 Phaenon,quemHeraclidesPon-
958 1236 1663 1326 carum)unaesticvisnominePhac-

202 1348 881 1435 ticusrefertaPrcmetheopulcher-
957 1370 1040 1427 non,
1074 1368 1178 1434 quem
1204 1342 1469 1413 Heraclides
1493 1342 1663 1413 Ponti-

202 1451 465 1522 rimumfictum
476 1453 668 1522 hominem.
686 1474 878 1538 quemcum
957 1473 1031 1520 cus
1056 1454 1210 1537 aitque
1240 1458 1398 1536 tempore
1421 1447 1665 1517 Prometheus

204 1556 404 1636 occulisset‚
433 1565 488 1625 set
521 1556 660 1644 Cupido
691 1579 771 1626 eum
803 1556 880 1626 Iovi
921 1556 1119 1631 thomines
1144 1554 1298 1631 finxerit
1328 1552 1424 1621 huuc
1455 1551 1664 1639 pulchritu-

203 1659 406 1740 indicasset,
426 1664 525 1730 misit
540 1665 572 1730 is
589 1662 803 1730 Mercurium
820 1664 881 1748 qui
958 1660 1039 1729 dine
1063 1663 1220 1747 corporis
1242 1656 1399 1743 reliquos
1415 1662 1665 1744 praestantem

203 1786 283 1834 eum
306 1774 489 1850 tamquam
507 1764 551 1833 ad
576 1764 880 1834 immortalitatem
957 1766 1098 1839 fecisse:
1134 1785 1285 1850 cumque
1309 1765 1529 1849 supprimere
1562 1764 1663 1845 cogi·

202 1868 758 1955 vocaret;quincnanteadnuit
773 1889 880 1955 quam
957 1877 1048 1937 taret
1072 1889 1186 1954 neque
1210 1869 1299 1946 Iovi,
1332 1876 1372 1934 ut
1404 1874 1549 1945 ceteros,
1581 1865 1663 1934 red-

201 1975 347 2058 potione
366 1982 509 2061 accepta
525 1974 623 2044 caelo
639 1981 800 2060 receptus
814 1973 879 2041 ho·
959 1972 1064 2052 deret,
1096 1970 1309 2059 Cupidinem
1341 1972 1418 2040 Iovi
1454 1975 1664 2045 nuntiasse:

201 2085 348 2145 noratus
373 2086 436 2146 est.
907 2098 1027 2164 loquo
1062 2076 1154 2145 facto
1185 2080 1336 2146 missum
1370 2077 1585 2145 Mercurium
1618 2076 1664 2145 ad

247 2187 260 2247 1
293 2180 335 2249 de
353 2181 410 2250 his
427 2183 494 2251 hae
511 2205 582 2251 non
597 2203 687 2269 quae
699 2181 776 2248 BP:
795 2201 879 2249 corr.
956 2182 1169 2251 Phaenonta
1184 2185 1406 2267 persuasisse
1424 2190 1463 2249 ut
1478 2180 1523 2250 ad
1537 2180 1662 2251 Iovem

205 2283 418 2354 Schaubach
451 2292 471 2357 3
488 2293 529 2366 ‚a‘
547 2285 626 2355 add.
645 2284 736 2355 idem
769 2291 880 2363 aset‘
957 2288 1094 2354 veniret
1111 2294 1144 2354 et
1160 2285 1372 2356 immortalis
1389 2285 1496 2355 fieret.
1537 2289 1661 2373 itaque

202 2393 343 2477 scripsi:
385 2397 420 2459 et
487 2413 579 2471 ‚eum
602 2391 689 2459 Iovi‘
714 2390 879 2476 Breysig:
956 2411 1036 2459 eum
1062 2393 1153 2459 inter
1176 2400 1272 2459 astra
1296 2390 1415 2459 ierunt
1431 2389 1659 2460 collocatum.

202 2497 371 2563 etuitivut
394 2495 454 2562 BP
500 2499 596 2570 6,is‘
621 2495 700 2564 add.
726 2493 829 2564 idem.
1001 2495 1238 2576 2,Phacn0n‘
1270 2497 1404 2565 Bunte:
1440 2496 1607 2566 Piraeton
1643 2501 1661 2564 8

906 2621 938 2673 15
958 2622 1071 2686 neque
1103 2601 1179 2669 Iovi
1213 2608 1253 2669 ut
1284 2608 1418 2671 ceteros
1443 2601 1511 2669 DR
1538 2600 1659 2670 Schol.

958 2703 1121 2772 German.
1160 2704 1193 2772 G
1292 2727 1406 2792 neque
1448 2714 1490 2774 ut
1527 2716 1661 2775 certum

957 2807 1101 2876 BGMP.

413 2893 542 2963 Athen.
568 2895 657 2963 XIII
681 2896 791 2963 60211.

306 3014 491 3101 (Ἱερώνυμος
516 3015 543 3080 δ’
570 3016 585 3079 ό
609 3016 830 3101 περιπατητικός
854 3022 951 3102 gance)

131 3122 179 3197 26
303 3118 368 3206 περὶ
405 3119 540 3185 Σικελίαν
574 3119 601 3184 δ’
628 3123 658 3183 έν
690 3118 859 3206 Ἀκράγαντι
894 3120 910 3184 ὁ
948 3120 1114 3206 Χαρίτωνος
1150 3121 1197 3186 καί
1235 3123 1427 3189 Μελανίππου
1461 3125 1554 3200 (scil.
1588 3123 1662 3209 ἔρως

201 3224 307 3298 ἔδειξεν
330 3222 374 3288 ότι
397 3224 536 3296 πολλάκις
560 3224 576 3287 r‘
602 3231 659 3288 τῶν
682 3225 754 3288 νέων
778 3224 857 3309 ἀκμὴ
881 3224 929 3288 καί
952 3228 984 3288 τδ
1016 3228 1086 3310 πρὸς
1117 3225 1262 3311 ἀλλήλους
1293 3229 1434 3314 ἑταιρικὸν
1466 3235 1661 3315 σωφρονῆσαν

200 3329 311 3401 πολλάς
335 3329 501 3415 τυραννίδας
517 3333 672 3400 καθεῖλεν).
709 3330 896 3403 Μελάνιππος
921 3329 948 3394 δ’
969 3327 1004 3393 τίν
1027 3332 1062 3395 τά
1085 3332 1215 3406 παιδικά,
1239 3329 1277 3405 ὥς
1301 3359 1387 3419 φησιν
1406 3333 1663 3420 Ἠρακλείδης

200 3432 216 3496 ὁ
241 3435 420 3506 ΙΙοντικός
444 3437 478 3498 ἐν
501 3441 547 3520 τῷ
565 3433 647 3520 περὶ
672 3439 875 3520 ἐρωτικῶν.
921 3431 999 3499 οὗτοι
1023 3437 1159 3521 φανέντες
1182 3438 1416 3523 ἐπιβουλεύοντες
1440 3439 1589 3525 Φαλάριδι
1614 3440 1662 3505 καί

200 3539 422 3624 βασανιζόμενοι
457 3538 687 3623 ἀναγκαζόμενοί
717 3564 748 3602 τε
772 3541 864 3622 λέγειν
887 3542 951 3612 τοδς
976 3540 1141 3613 συνειδότας
1164 3541 1198 3606 οὗ
1228 3543 1313 3625 μόνον
1344 3543 1378 3607 οὐ
1406 3548 1551 3623 κατεῖπον,
1583 3545 1662 3611 ἀλλά

200 3642 249 3707 καί
282 3645 330 3708 τόν
374 3645 508 3730 Φάλαριν
550 3643 636 3708 αὐτόν
671 3645 711 3717 εἰς
746 3644 828 3709 ἔλεον
866 3651 924 3708 τῶν
964 3646 1099 3730 βασάνων
1143 3644 1265 3732 ἤγαγον.
1306 3649 1343 3721 ὡς
1377 3649 1523 3714 ἀπολῦσαι
1559 3650 1664 3724 αὐτοδς

200 3750 293 3813 πολλοὶ
319 3750 518 3844 ἐπαινέσαντα.
564 3750 607 3813 διδ
632 3748 680 3813 καί
701 3749 850 3814 Ἁπόλλων
876 3749 977 3834 ἡσθείς
1005 3749 1058 3814 ἐπὶ
1080 3751 1190 3825 τούτοις
1213 3753 1360 3839 ἀναβολὴν
1387 3760 1437 3818 τοῦ
1471 3754 1601 3819 θανάτου
1625 3762 1666 3842 τῷ

201 3853 348 3940 Φαλάριδι
371 3853 537 3941 ἐχαρίσατο,
560 3861 643 3918 τοῦτο
667 3852 797 3939 ἐμφήνας
829 3858 885 3926 τοῖς
915 3856 1140 3939 πυνθανομένοις
1167 3864 1217 3941 τῆς
1243 3857 1354 3931 ΙΙυθίας
1378 3855 1458 3932 ὅπως
1487 3858 1569 3946 αὐτῷ
1597 3865 1661 3926 ἐπι-

203 3961 323 4023 θῶνται·
358 3958 482 4047 ἔχρησεν
516 3959 548 4023 δὲ
583 3964 624 4037 (τε
649 3964 696 4029 A:
733 3982 819 4028 corr.
844 3958 997 4040 Wilam.)
1032 3960 1080 4025 καὶ
1110 3961 1175 4046 περὶ
1209 3969 1266 4026 τῶν
1301 3962 1375 4049 ἀμφὶ
1409 3963 1459 4027 τὸν
1490 3963 1661 4052 Χαρίτωνα,

200 4063 341 4150 προτάξας
364 4069 415 4128 τοῦ
443 4064 600 4149 ἑξαμέτρου
628 4064 660 4127 τό
688 4064 890 4150 πεντάμετρον,
921 4066 1057 4152 καθάπερ
1081 4064 1199 4154 ὕστερον
1222 4066 1271 4131 καί
1296 4069 1444 4141 Διονόσιος
1467 4067 1483 4132 δ
1505 4067 1661 4153 Ἀθηναῖος

201 4167 335 4252 ἐποίησεν
359 4167 374 4231 ό
399 4166 567 4251 ἐπικληθείς
591 4170 729 4242 Χαλκοῦς
753 4173 782 4233 ἐν
806 4173 863 4241 τοῖς
883 4169 1052 4255 Ἐλεγείοις.
1087 4171 1162 4236 ἐστὶν
1186 4173 1218 4237 δὲ
1242 4172 1258 4237 ὁ
1281 4174 1412 4260 χρησμὸς
1436 4169 1503 4238 tte·

565 4290 712 4377 εὐδαίμων
736 4289 874 4376 Χαρίτων
897 4291 946 4356 καὶ
970 4293 1160 4367 Μελάνιππος
1185 4295 1249 4382 ἔφυ,

567 4394 647 4468 θείας
671 4395 814 4481 ἁγητῆρες
838 4396 1006 4482 ἐφαμερίοις
1030 4398 1196 4483 φιλότατος·

202 4518 393 4597 11.Η11111·,
421 4518 493 4586 Sat.
520 4518 646 4605 philol.
673 4519 984 4606 81υμρίοοί11.ρ.
1015 4528 1084 4589 104.

410 4673 504 4742 Plut.
531 4672 643 4743 Solon
670 4682 696 4742 1.

133 4815 179 4883 27
306 4778 357 4862 τήν
387 4776 419 4841 δέ
450 4778 560 4863 μητέρα
592 4784 643 4842 τοῦ
666 4777 1076 4865 ΣόλωνοςἹίρακλείδης
1100 4781 1115 4844 ό
1142 4784 1325 4856 ΙΙοντικδς
1358 4785 1464 4872 ἱστορεῖ
1484 4792 1535 4870 τῆς
1562 4788 1660 4852 ΙΙεισι·

148 4933 169 4979 a
203 4884 324 4972 στράτου
348 4882 454 4968 μητρός
478 4882 599 4969 ἀνεψιὰν
627 4884 771 4967 γενέσθαι.
816 4883 865 4949 καί
900 4885 983 4971 φιλία
1011 4887 1043 4950 τὸ
1072 4894 1182 4973 πρῶτον
1211 4884 1246 4972 ἧν
1277 4888 1373 4962 αὐτοῖς
1402 4891 1496 4974 πολλὴ
1526 4889 1580 4976 μὲν
1611 4893 1659 4957 διὰ

202 4993 252 5076 τὴν
277 4987 450 5072 συγγένειαν,
473 4989 567 5072 πολλὴ
592 4988 625 5052 δέ
648 4990 696 5052 διά
722 4989 773 5072 τὴν
797 4988 917 5074 εὐφυΐαν
941 4989 989 5054 καί
1013 4989 1097 5077 ὥραν,
1132 4991 1169 5064 ὡς
1204 4993 1272 5057 ἔνιοί
1303 5019 1399 5079 φασιν,
1434 4997 1581 5080 ἐρωτικῶς
1613 4999 1661 5061 τὸν
