3570 5574
427 612 531 684 Phot.
557 639 583 684 S.
608 639 640 683 v.
665 614 756 680 λίνον·

153 727 200 802 85
319 734 577 822 Ἡρακλείδης
611 736 627 799 δ
663 738 844 811 [Ιοντικδς
879 739 980 822 ἐπειδή
1004 738 1030 801 οί
1055 736 1176 801 παλαιοί
1199 738 1286 812 λίνοις
1309 738 1371 804 ἀντί
1394 744 1509 828 χορδῶν
1532 744 1678 829 ἐχρῶντο·

219 838 296 905 ἀλλὰ
319 838 368 905 καί
383 836 516 927 Ὅμηρος
539 836 595 925 ἤδη
620 843 729 928 χορδάς
752 842 940 927 ἐπιστάμενος
963 841 1039 907 λίνον
1062 846 1153 907 καλεῖ.
1200 844 1250 912 Cf.
1271 843 1389 914 Schol.
1411 847 1427 914 I
1446 902 1451 914 .
1470 848 1493 912 Σ
1514 852 1588 925 570,
1614 846 1679 914 ubi

219 945 460 1015 Philochorus
483 946 578 1016 idem
602 968 645 1015 ex
668 946 855 1017 Heraclide
878 955 920 1016 ut
935 947 1076 1017 videtur
1098 949 1238 1035 profert.
1258 988 1295 996 -
1323 950 1375 1018 De
1398 950 1477 1020 Ιοοο
1495 951 1675 1039 Porphyr.

220 1053 258 1118 in
281 1051 391 1120 herm.
417 1049 509 1119 Ptol.
535 1073 567 1137 p.
594 1056 657 1120 213
680 1049 811 1120 Wellis
847 1052 937 1121 falso
973 1051 1153 1121 Heraclidi
1187 1061 1309 1124 nostro
1348 1055 1527 1142 adscripto
1565 1056 1606 1122 ef.
1634 1054 1678 1122 R.

220 1155 366 1235 Heinze,
393 1155 620 1227 Xenokretes
644 1179 677 1243 p.
703 1162 723 1225 6
746 1158 788 1225 Α.
814 1161 843 1224 2.

636 1329 774 1400 XXXI.
821 1331 961 1405 Λύσεις
981 1328 1192 1416 Ὁμηρικαί
1217 1331 1259 1396 B'.

853 1454 917 1524 DL
939 1453 1039 1524 V88.

430 1572 550 1643 Sehoi.
576 1571 643 1654 HQ
667 1573 798 1662 Odyss.
824 1598 838 1635 ν
863 1582 941 1644 119;

155 1707 203 1780 8ss
326 1695 378 1780 τήν
408 1702 464 1760 τῶν
488 1696 630 1760 Φαιάκων
661 1695 783 1761 ἀτοπίαν
813 1697 884 1761 καθ’
903 1693 938 1782 ἣν
960 1699 1008 1762 τδν
1029 1697 1175 1763 Ὀδυσσέα
1205 1699 1388 1764 καθεύδοντα
1418 1700 1458 1785 μή
1481 1699 1681 1773 διυπνίσαντες

225 1798 265 1870 είς
296 1800 348 1883 τήν
377 1806 430 1886 γῆν
453 1802 618 1876 κατέθεντο,
653 1807 703 1864 τοῦ
733 1825 765 1864 τε
785 1799 950 1875 Ὀδυσσέως
981 1803 1029 1866 τδν
1058 1798 1178 1889 άκαιρον
1207 1801 1304 1882 ύπνον,
1340 1805 1468 1869 διαλύειν
1498 1804 1682 1891 πειρώμενος

225 1903 240 1968 δ
266 1905 448 1978 Ποντικὸς
468 1904 724 1992 Ἡρακλείδης
752 1903 838 1992 φησίν
866 1905 991 1980 ἀτόπους
1015 1906 1087 1972 εῖναι
1111 1908 1176 1980 τούς
1200 1911 1228 1980 ἐξ
1252 1903 1293 1971 ῶν
1316 1907 1429 1995 εἴρηκεν
1453 1909 1468 1972 δ
1491 1910 1614 1993 ποιητής
1638 1909 1681 1994 μή

226 2011 455 2097 στοχαζομένους
486 2009 550 2097 περί
581 2017 632 2075 τοῦ
661 2011 765 2084 παντὸς
793 2010 900 2095 τρόπου
923 2017 979 2074 τῶν
1002 2012 1158 2076 Φαιάκων·
1190 2013 1354 2086 συνειδότας
1377 2015 1432 2100 γάρ
1456 2017 1568 2085 ἑαυτοῖς
1593 2018 1682 2098 φιλη-

226 2113 322 2179 δονίαν
354 2114 403 2179 καί
434 2114 647 2180 ἀπολαυστικὸν
675 2116 787 2202 τρόπον,
823 2112 870 2179 καί
901 2115 1031 2187 δεδιότας
1062 2115 1235 2198 (συνειδότες
1268 2154 1306 2163 -
1340 2118 1466 2190 δεδιότες
1490 2118 1535 2194 Η)
1567 2117 1609 2201 μή
1639 2143 1682 2189 τις

226 2218 330 2292 αὐτούς
354 2214 442 2293 ἀλλος
465 2221 599 2285 ἐπελθὼν
622 2219 734 2306 ἐκβάλη
758 2218 816 2284 άπδ
840 2226 891 2304 τής
914 2220 1023 2307 χώρας,
1059 2220 1110 2284 δύο
1146 2226 1237 2284 ταῦτα
1267 2219 1486 2308 ὑποκρίνασθαι,
1516 2220 1683 2308 φιλοξενίαν

226 2350 258 2389 τε
280 2326 349 2411 πρδς
372 2326 438 2399 τοδς
460 2326 611 2412 παρόντας,
634 2324 756 2413 ταχεῖάν
771 2350 803 2388 τε
819 2324 986 2411 ἀπόπεμψιν
1002 2326 1072 2411 πρδς
1087 2326 1153 2397 τούς
1170 2325 1318 2402 ἐλθόντας,
1342 2327 1436 2392 πάντα
1453 2327 1484 2391 δέ
1502 2326 1681 2412 ἐργάζεσθαι

227 2426 306 2503 ὅπως
341 2430 436 2495 αὐτῶν
470 2430 489 2516 ἡ
523 2428 633 2514 οἴκησις
667 2430 809 2515 λανθάνη,
843 2428 891 2494 καί
926 2430 1072 2515 διάστημα
1107 2428 1174 2494 ὅσον
1205 2429 1264 2495 ἐστὶ
1295 2433 1335 2516 μή
1359 2431 1560 2517 ηιηνώσκηται,
1594 2438 1683 2516 νῆσον

227 2533 343 2621 ἀγαθήν
377 2531 533 2613 οἰκοῦντας,
568 2536 638 2621 πρὸς
669 2534 701 2600 δέ
729 2537 777 2600 τὸν
808 2535 936 2620 πόλεμον
967 2530 1034 2600 ούτε
1056 2536 1306 2620 γεγυμνασμένους
1336 2532 1403 2599 οὔτε
1425 2537 1682 2622 προαιρουμένους,

227 2640 294 2706 ἀλλ’
314 2639 444 2705 ἐναντίαν
467 2641 564 2726 βιοτήν
587 2644 644 2712 τοῖς
667 2644 832 2725 πολεμικοῖς
856 2640 1080 2725 ἐπιτηδεύμασιν
1104 2639 1241 2727 ἔχοντας·
1265 2639 1308 2717 ,οὐ
1332 2640 1387 2727 γάρ
1411 2640 1575 2725 Φαιήκεσσι
1599 2641 1684 2726 μέλει

135 2768 210 2829 :270
228 2748 289 2832 βιδς
312 2744 380 2811 ούδέ
403 2746 557 2834 φαρέτρη·
588 2743 637 2808 καί
660 2744 746 2809 πάλιν
769 2743 855 2831 φησίν
887 2744 984 2817 αὐτοῖς
1008 2742 1066 2809 αἰεί
1090 2749 1174 2809 δαῖτα
1198 2746 1294 2830 μέλειν
1318 2744 1432 2831 κίθαρίν
1462 2771 1494 2810 τε
1517 2744 1565 2811 καί
1589 2745 1686 2832 ᾠδά;”

134 2876 209 2930 υ248
227 2853 321 2937 (μέλει
342 2850 456 2938 κίθαρίς
479 2877 510 2915 τε
533 2848 582 2914 καί
605 2848 680 2935 ᾠδαί
704 2847 755 2930 Q).
800 2850 945 2922 τοιούτους
968 2844 1018 2913 οὖν
1041 2845 1125 2922 όντας
1148 2848 1197 2914 καί
1221 2849 1356 2932 τοιαύτην
1378 2856 1432 2935 γῆν
1453 2849 1574 2938 ἔχοντας
1598 2850 1685 2915 ούδέν

227 2956 346 3030 ἀπεικὸς
370 2955 560 3044 εὐλαβεῖσθαι
584 2956 625 3042 μή
649 2959 891 3030 κατοπτευθέντες
916 2954 971 3022 ὑπό
995 2980 1078 3022 τινων
1101 2962 1267 3042 πολεμῆσαι
1288 2958 1456 3042 δυναμένων
1473 2956 1617 3021 ἐκπέσωσι
1633 2961 1687 3040 τῆς

226 3059 337 3150 χώρας,
372 3061 421 3126 καί
454 3063 619 3151 ταχοτοίτας
654 3064 831 3150 ἀποπομπὰς
866 3063 1055 3151 (ταχυτάτους
1084 3062 1275 3147 ἀποπύμποος
1306 3062 1424 3132 00de
1450 3083 1535 3130 corr.
1562 3060 1684 3138 Dind.)

226 3170 375 3233 ποιεῖσθαι
408 3175 465 3232 τῶν
499 3169 594 3245 ξένων,
637 3169 671 3234 ού
705 3171 752 3234 διαὶ
787 3168 965 3256 φιλοξενίαν·
1006 3168 1049 3244 ,ού
1082 3170 1138 3254 γάρ
1173 3167 1278 3242 ξείνους
1314 3167 1374 3252 οἵγε
1410 3165 1480 3250 μαλ’
1510 3164 1686 3250 ἀνθρώπους

141 3313 159 3363 η
176 3293 210 3346 32
228 3271 391 3360 ἀνέχονται,
414 3272 478 3338 οὐδ’
499 3273 716 3359 ἀγαπαζόμενοι
739 3272 871 3360 φιλέουσ’
891 3270 940 3337 ὅτε
963 3274 1010 3337 κέν
1033 3299 1074 3346 τις
1088 3273 1204 3357 ἵκηταϋ.
1249 3271 1333 3338 ούδέν
1356 3267 1406 3336 ούν
1430 3267 1536 3355 άλογον
1552 3269 1602 3334 διαί
1618 3294 1683 3333 τινα

228 3377 364 3462 τοιαύτην
398 3376 492 3442 αἰτίαν
526 3377 630 3451 αύτούς
665 3377 855 3442 ἀποστέλλειν
889 3378 1004 3465 ταχέως
1036 3378 1101 3450 τοὺς
1133 3379 1235 3453 ξένους,
1270 3377 1334 3463 πρὶν
1365 3377 1443 3449 ἐντὸς
1466 3375 1604 3460 γενέσθαι
1626 3379 1686 3438 τῶν

228 3482 300 3568 παρ’
320 3482 416 3555 αὐτοῖς
440 3484 505 3556 τοδς
537 3483 780 3568 ἐπιδημήσαντας.
836 3477 954 3566 εύλοηον
986 3483 1018 3546 δέ
1048 3479 1083 3567 ήν
1114 3483 1240 3567 μάλιστα
1263 3483 1311 3546 τδν
1332 3481 1476 3547 ’θδυσσέα
1506 3482 1687 3566 φοβηθῆναι.

229 3587 323 3673 τούτιρ
351 3587 406 3673 ηάρ
430 3587 610 3673 συμβέβηκεν
638 3588 674 3650 τοὶ
699 3587 750 3672 μὲν
773 3584 838 3672 περὶ
862 3587 991 3670 πόλεμον
1022 3587 1184 3651 δεινότατον
1207 3592 1263 3649 τῶν
1296 3589 1408 3670 θνητῶν
1440 3585 1521 3662 εἶναι,
1556 3582 1605 3648 καί
1636 3585 1688 3647 διὰ

229 3693 281 3776 τήν
315 3692 400 3778 φύσιν
429 3690 479 3755 καί
510 3693 560 3777 τήν
589 3696 618 3756 ἐν
641 3690 732 3777 Τροία
761 3689 929 3776 γυμνασίαν.
963 3693 1018 3777 πρδ
1047 3698 1098 3756 τοδ
1120 3697 1227 3776 ηνῶναι
1250 3686 1300 3755 οὖν
1325 3690 1576 3776 εὐκαταφρόνητον
1611 3688 1690 3753 εἶναι

229 3794 391 3881 νομίζοντες
424 3793 508 3878 ἦττον
543 3796 680 3882 ἔκρυπτον
714 3797 765 3880 τήν
801 3799 912 3859 ἑαυτῶν
949 3796 1104 3880 διαηωηήν,
1139 3795 1216 3861 ἀλλά
1251 3821 1277 3860 τι
1309 3794 1357 3860 καί
1388 3793 1587 3880 παρεδήλουν·
1622 3791 1689 3858 ἐπεὶ

232 3899 260 3964 δ’
279 3898 404 3989 ᾔσθοντο
428 3898 458 3975 δς
482 3896 525 3987 ήν,
553 3902 723 3988 βουλόμενοι
747 3901 821 3986 μήτε
842 3902 891 3965 τδν
913 3901 1000 3965 τύπον
1023 3899 1096 3965 ὅπου
1119 3902 1170 3985 τήν
1193 3907 1279 3985 νήσον
1303 3900 1398 3965 αὐτῶν
1422 3900 1496 3964 εἶναι
1519 3899 1689 3984 συμβέβηκε

231 4005 304 4091 μήτε
327 4006 414 4078 πόσος
437 4000 472 4089 ήν
496 4006 576 4092 αύτῷ
595 4006 611 4070 ὁ
627 4012 715 4078 πλοῦς
740 4009 772 4069 ἐκ
794 4005 978 4090 τήςἸθάκης
1002 4006 1071 4091 πρὸς
1095 4005 1199 4078 αύτούς
1222 4012 1337 4090 γνῶναι,
1361 4011 1474 4091 πρῶτον
1498 4003 1549 4089 μὲν
1573 4002 1690 4089 ἔφασαν

232 4109 312 4197 αύτῷ
342 4108 386 4175 ότι
420 4114 466 4174 δεῖ
497 4111 652 4175 καθεύδειν
687 4109 774 4175 αύτδν
808 4110 957 4197 ἀναβάντα
992 4112 1032 4182 εἰς
1065 4111 1097 4174 τδ
1133 4113 1240 4187 πλοῖον,
1277 4110 1338 4174 εἶτα
1370 4110 1444 4174 πολύ
1467 4115 1517 4193 τής
1536 4107 1690 4182 Ἑλλάδος

232 4215 354 4304 ἀπέχειν
378 4217 429 4300 τήν
453 4221 538 4300 νήσον
562 4215 656 4280 αὐτῶν
681 4215 836 4302 ὑπολαβεῖν
859 4217 907 4279 τδν
921 4214 1066 4280 Ὀδυσσέα
1092 4215 1224 4288 θέλοντες
1248 4215 1443 4300 παρενέβαλον
1459 4213 1499 4286 ὡς
1516 4212 1690 4298 αὐθημερὸν

232 4323 334 4387 εἰδεῖεν
358 4326 394 4401 (θ)
419 4321 448 4385 αἱ
472 4327 537 4405 νῆες
559 4320 711 4385 κατανύειν
735 4321 929 4403 (κατανεύεινῑ
965 4343 1049 4390 corr.
1080 4320 1289 4400 Buttmann)
1327 4320 1366 4391 εἰς
1401 4315 1432 4382 δν
1466 4315 1501 4382 ἀν
1532 4319 1559 4381 οἱ
1582 4323 1690 4382 ναῦται

232 4426 399 4513 πρόθωνται
421 4425 516 4490 τύπον.
561 4423 610 4489 καί
633 4427 664 4489 τὸ
689 4425 782 4511 λέγειν
805 4422 849 4489 ότι
872 4424 979 4511 ’ραδίως
1004 4423 1090 4488 αύτδν
1114 4422 1271 4497 ἀπάξουσιν
1301 4425 1341 4496 εἰς
1364 4423 1415 4508 τήν
1438 4421 1562 4509 πατρίδα
1586 4424 1612 4486 εἰ
1635 4421 1690 4487 καί

130 4574 146 4624 η
163 4555 212 4608 321
233 4531 313 4617 μάλα
348 4531 455 4595 πολλδν
486 4530 634 4616 ἑκαστέρω
665 4529 725 4594 ἐστ’
746 4530 879 4616 Εὐβοίης,
914 4527 1004 4616 ήνπερ
1035 4529 1185 4613 τηλοτάτω
1216 4525 1304 4616 φασίν
1334 4528 1458 4615 ἔμμεναι
1487 4527 1568 4613 οἵπερ
1590 4525 1690 4592 ἴδοντο

232 4635 382 4722 ἡμετέρων
405 4634 561 4721 προγόνων,
593 4635 719 4720 σονιρδόν
744 4638 803 4699 ἐστι
830 4640 872 4721 τῷ
891 4634 1112 4720 προςποιεῖσθαι
1141 4632 1240 4719 πόρρω
1264 4640 1315 4717 τῆς
1333 4631 1479 4707 Ἑλλάδος
1508 4633 1559 4717 τήν
1581 4631 1690 4719 χώραν

233 4741 329 4806 αὐτῶν
353 4741 435 4805 εἶναι.
480 4748 521 4825 τῷ
533 4740 590 4821 (τδῑ
609 4762 696 4809 corr.
709 4740 854 4819 Buttm.)
878 4740 932 4824 ηάρ
951 4739 1001 4823 τήν
1021 4734 1146 4824 Ιῦύβοιαν
1169 4738 1319 4823 τηλοτάτω
1336 4739 1429 4823 λέγειν
1447 4738 1519 4802 εἶναι
1535 4743 1691 4812 παντελῶς

233 4872 320 4934 φασιν
344 4852 454 4933 (φησινε
480 4868 564 4915 corr.
585 4844 706 4930 Dind.)
730 4845 849 4917 ἐαυτοδς
873 4848 1015 4908 κατοικεῖν
1039 4845 1138 4930 πόρρω
1162 4849 1211 4928 τῆς
1231 4842 1384 4916 Ἑλλάδος.
1430 4842 1505 4907 ἀλλὰ
1530 4847 1618 4927 δῆλον
1644 4841 1690 4909 ότι

233 4950 328 5016 πάντα
350 4956 441 5015 ταῦτα
465 4951 619 5015 συνέτεινεν
643 4948 740 5022 αὐτοῖς
762 4950 832 5036 πρδς
854 4949 885 5013 τδ
909 4949 949 5034 μή
965 4952 1133 5033 γνωσθῆναι
1156 4947 1226 5012 καθ’
1242 4944 1273 5012 ὃν
1296 4943 1388 5035 ᾤκουν
1403 4947 1498 5012 τύπον.
1543 4947 1685 5033 τοιαύτης

234 5056 266 5121 δέ
289 5055 384 5121 αὐτῶν
407 5049 495 5140 ούσης
516 5063 567 5136 τῆς
590 5057 794 5142 προαιρέσεως,
825 5055 927 5138 ἐπειδή
950 5052 1143 5125 καθεύδοντος
1165 5059 1216 5117 τού
1237 5052 1402 5127 Ὀδυσσέως
1426 5054 1465 5126 εἰς
1488 5052 1540 5138 τήν
1561 5051 1688 5140 Ἰθάκην
