3570 5574
782 425 822 489 57

73 631 108 692 ἐν
130 626 203 713 ᾅδου
228 629 351 708 (Oob.:
385 630 415 692 ἐν
437 633 478 713 τῷ
497 625 555 711 δίδη
580 628 656 706 ΒΡ)
688 627 783 692 ἔπαθε
812 626 860 692 καί
894 629 923 692 αἱ
960 626 1058 693 λοιπαί
1092 627 1154 692 τίνα
1191 627 1386 714 ὑπομένουσιν.
1432 630 1533 713 ἐπειδη

73 731 107 796 δ’
134 728 286 820 Εὔφορβος
320 730 474 806 ἀποθάνοι,
509 733 668 816 μεταβῆναι
703 732 754 815 τήν
785 732 882 819 ψυχὴν
911 731 1001 796 αύτοδ
1034 733 1073 804 εἰς
1093 731 1281 818 Ἑρμότιμον,
1313 729 1344 806 δς
1375 731 1423 797 καί
1447 732 1534 807 αὐτὸς

75 835 170 902 πίστιν
192 840 293 902 δοδναι
317 837 412 901 θέλων
436 837 600 919 ἐπανῆλθεν
630 837 670 907 εἷς
699 833 867 922 Βραγχίδας
897 834 945 899 καί
978 837 1113 908 εἰςελθιδν
1142 837 1182 908 εἰς
1213 837 1245 901 τδ
1274 841 1325 901 τυδ
1352 836 1534 911 Ἀπόλλωνος

76 941 156 1027 ἱερὸν
186 942 330 1015 ἐπέδειξεν
359 936 395 1025 ἣν
426 940 577 1012 λίενέλαος
606 937 749 1022 ἀνέθηκεν
779 939 888 1004 ἀσπίδα
921 979 961 986 -—
990 940 1048 1024 ἔφη
1081 941 1135 1024 γάρ
1165 939 1252 1004 αύτδν
1283 938 1327 1005 ὅτ’
1353 940 1534 1007 ἀπέπλευσεν

74 1043 216 1123 (ἀπέπλει
233 1046 307 1125 ΒΡ)
332 1048 364 1110 ὲκ
388 1044 493 1131 Τροίας
516 1043 669 1108 ἀναθεῖναι
693 1049 734 1131 τῷ
751 1042 912 1109 Ἀπόλλωνι
935 1045 987 1128 την
1003 1042 1112 1108 ἀσπίδα
1129 1044 1197 1130 (ἔφη
1217 1083 1252 1091 --
1272 1045 1382 1110 ἀσπίδα
1406 1047 1531 1117 inclus,

75 1149 176 1230 (iob.)
202 1189 241 1197 -
270 1153 479 1234 διασεσηπυῖαν
513 1144 579 1233 ἤδη,
616 1146 702 1233 μόνον
736 1147 769 1212 δέ
804 1149 949 1233 διαμένειν
980 1149 1125 1233 (διαμένον
1157 1148 1255 1225 (iob.)
1287 1151 1318 1214 τδ
1351 1150 1535 1238 ἐλεφάντινον

73 1253 237 1340 πρόςωπον.
282 1255 383 1338 ὲπειδιίΙ
407 1253 434 1318 δ’
456 1252 634 1339 (ίῖρμύτιμος
657 1251 797 1327 ἀπέθανε,
828 1253 964 1337 γενέσθαι
990 1251 1101 1337 Πύρρον
1131 1254 1180 1317 τόν
1208 1253 1315 1338 Δήλιον
1346 1255 1450 1320 ἁλιέα
1484 1257 1533 1322 καὶ

74 1358 172 1422 παίντα
205 1358 292 1423 πόλιν
328 1358 526 1444 μνημονεύειν,
561 1363 619 1430 πιδς
652 1356 779 1443 πρόσθεν
805 1354 975 1439 Αἰθαλίδης,
1000 1354 1053 1419 εἶτ’
1082 1352 1239 1444 Εὔφορβος,
1264 1358 1323 1423 εἷθ’
1346 1359 1535 1447 ίθῖρμότιμος,

76 1463 143 1528 εἶτα
168 1463 279 1550 Πύρρος
309 1464 427 1547 γένοιτο.
473 1463 574 1547 ἐπειδὴ
606 1461 638 1527 δέ
669 1461 780 1547 Πύρρος
803 1459 944 1537 ἀπέθανε,
973 1460 1108 1544 γενέσθαι
1134 1463 1319 1549 Πυθαγόραν,
1349 1463 1397 1528 καὶ
1420 1465 1536 1530 πόντων

74 1573 135 1631 τιδν
168 1567 327 1653 εἰρημένων
360 1570 534 1654 μεμνῆσθαι.
580 1567 620 1635 es.
648 1565 768 1635 Schol.
800 1564 910 1652 Soph.
937 1563 1045 1633 Πίθοί.
1072 1569 1122 1634 62.
1179 1568 1217 1635 E.
1243 1567 1370 1636 Robde
1395 1568 1462 1638 ΗΠ.
1488 1571 1533 1640 M.

78 1677 135 1749 26,
158 1677 231 1741 558.
278 1670 358 1740 Huc
382 1672 531 1742 sortasse
554 1674 733 1758 pertinent

287 1845 406 1916 Schol.
433 1845 498 1914 Od.
524 1871 543 1908 α
567 1849 647 1914 371ῑ

194 1971 302 2041 ἐκεῖνος
335 1967 390 2054 γόρ
419 1992 505 2053 φησιν
529 1966 616 2039 (scil.
643 1967 831 2050 Πυθαγόρας)
855 1963 893 2035 ιδς
924 1963 978 2036 ἔξω
1007 1963 1158 2048 γενόμενος
1184 1972 1235 2030 τοῦ
1263 1968 1393 2053 σώματος
1423 1970 1539 2056 ἀκήκοα
1557 1983 1606 2056 38

71 2077 222 2160 ἐμμελοῦς
245 2071 392 2159 ἁρμονίας.

189 2213 244 2282 Ex
272 2212 499 2299 Pythagorae
524 2210 761 2296 descriptione
786 2212 855 2279 oroi
880 2228 993 2296 pauca
1018 2218 1153 2279 restant
1177 2215 1213 2280 in

289 2385 445 2456 Bokkeri
470 2383 602 2454 Anecd.
627 2405 660 2471 p.
689 2389 763 2452 178:

179 2507 427 2594 Ἡρακλείδου
457 2507 642 2573 Ποντικοῦ
673 2507 712 2569 ἐκ
746 2509 810 2568 τοδ
842 2504 1031 2589 δευτέρου
1061 2503 1177 2588 λόγου
1207 2512 1273 2569 τιδν
1304 2508 1358 2580 εἰς
1387 2505 1538 2599 Ἄβαριν

70 2614 398 2700 ἀναφερομένων·

184 2716 272 2782 ἐκδὲ
295 2723 351 2783 τιδν
375 2718 458 2802 ἐγγδς
487 2721 612 2803 φωλειδν
643 2712 811 2799 ἐξείρπυσαν
842 2708 924 2798 όφεις
955 2710 1002 2776 ἐπὶ
1033 2713 1064 2777 τδ
1100 2719 1181 2797 σῶμα
1217 2719 1346 2801 σφοδρῶς
1381 2716 1537 2802 ὀροόοντες.
1557 2723 1606 2796 39

74 2821 244 2889 ἐκωλύοντο
268 2823 364 2908 μέντοι
388 2820 443 2886 ύπδ
466 2826 523 2884 τῶν
545 2825 638 2884 κυνῶν
662 2816 861 2882 ὑλακτούντων
885 2814 997 2888 αύτούς.

187 2995 368 3066 Heraclidi
392 2993 612 3065 restituenda
635 3015 712 3061 esse
743 2993 895 3062 arbitror
923 2994 1030 3060 etiam
1055 3012 1146 3078 quae
1174 2992 1417 3081 Hieronymus
1444 3000 1535 3082 peri-

73 3104 268 3191 patetious,
307 3108 347 3170 nt
383 3099 486 3170 docet
520 3098 558 3167 fr.
583 3102 625 3166 26
658 3097 831 3167 librorum
868 3094 1066 3167 Heraclidis
1103 3119 1174 3166 non
1211 3101 1367 3182 ignarus,
1407 3101 1539 3187 profert

75 3205 126 3274 de
149 3208 193 3274 iis
218 3227 308 3292 quae
332 3205 361 3268 αἱ
386 3200 484 3268 λοιπαί
512 3199 603 3289 ψυχαί
628 3200 826 3285 ὑπομένουσιν,
851 3201 947 3287 apud

193 3500 264 3587 φησί
301 3499 329 3566 δ’
352 3500 524 3586 Ἱερώνυμος
555 3496 734 3562 κατελθόντα
770 3495 857 3561 αότδν
890 3495 977 3576 (scil,
1004 3496 1190 3582 Πυθαγόραν)
1225 3498 1265 3569 εἰς
1299 3495 1371 3582 ᾅδου
1405 3501 1455 3584 τὴν
1489 3500 1541 3585 μὲν

71 3605 223 3672 Ἡσιόδου
260 3607 359 3695 ψυχὴν
391 3607 462 3669 ἰδεῖν
496 3603 566 3688 πρὸς
600 3602 672 3665 κίονι
703 3606 808 3689 χαλκῷ
834 3601 991 3684 δεδεμένην
1022 3599 1070 3664 καὶ
1094 3599 1252 3687 τρίζουσαν,
1283 3603 1334 3686 τὴν
1357 3602 1389 3666 δέ
1407 3602 1540 3691 Ὁμόρου

78 3712 268 3798 κρεμαμένην
292 3710 350 3777 ἀπὸ
373 3711 491 3795 δένδρου
515 3707 564 3772 καί
589 3703 668 3793 διρεις
692 3704 757 3791 περὶ
780 3704 870 3790 αὐτὴν
894 3703 961 3769 ἀνθ’
977 3700 1014 3767 ιδν
1039 3704 1119 3768 εἷπον
1139 3704 1202 3791 περὶ
1221 3709 1306 3783 θεῶν,
1330 3709 1541 3792 κολαζομένους

78 3816 117 3881 δέ
141 3814 190 3880 καὶ
212 3818 278 3889 τούς
302 3816 342 3901 μη
368 3816 504 3885 θέλοντας
528 3817 652 3878 συνεῖναι
676 3815 737 3883 ταῖς
762 3809 857 3874 αδτιδν
879 3808 1011 3894 γυναιξίν.

292 3986 433 4057 Bekker
459 3987 589 4057 Aneod.
615 4008 647 4074 p.
675 3992 753 4054 145:

183 4108 440 4196 Ἡρακλείδου
471 4110 659 4174 Ποντικοδ
691 4113 757 4170 τιδν
789 4108 842 4179 εἰς
868 4101 1019 4192 Ἄβαριν
1050 4104 1370 4191 ἀναφερομένων·

190 4213 247 4300 ἔφη
270 4215 303 4279 δέ
328 4214 418 4293 (scil.
446 4214 673 4301 Pythagoras
685 4218 729 4293 θ),
763 4213 794 4275 τδ
830 4211 945 4295 δένδρον
970 4208 1049 4295 αύτῷ
1072 4210 1119 4272 τὸν
1150 4208 1282 4293 δαίμονα,
1317 4209 1431 4274 νεανίαν
1462 4210 1541 4294 γενό-
1560 4215 1608 4287 40

79 4343 180 4404 μενον,
204 4321 355 4397 ἐπιθεῖναι,
378 4317 530 4406 προςταἝαι
554 4317 586 4380 δέ
610 4314 752 4379 πιστεύειν
775 4311 840 4400 περὶ
865 4317 949 4388 θεῶν,
979 4312 1022 4378 ὅτι
1054 4312 1091 4384 ιδς
1123 4312 1183 4377 οἶόν
1205 4339 1236 4376 τε
1268 4312 1316 4377 καί
1347 4319 1404 4377 τιδν
1427 4313 1541 4400 ἀνθρω-

79 4420 174 4486 πίνων
198 4424 416 4510 ἑπιστρέφονται
438 4421 623 4508 πραγμάτιον.

191 4597 362 4676 Titulum‚
386 4606 426 4666 ut
448 4596 589 4666 ridetur
616 4598 880 4671 accuratiorem,
906 4596 941 4661 in
959 4590 1111 4662 Bekkeri
1130 4591 1327 4661 Aneodotis
1351 4589 1539 4661 laudatum

86 4705 309 4790 interpretari
332 4700 416 4770 licet
440 4716 502 4769 ant
525 4703 703 4769 orationes
727 4699 772 4767 ad
797 4699 934 4768 Abarin
963 4698 1093 4766 relatas
1118 4701 1138 4765 i.
1165 4719 1191 4763 e.
1218 4696 1349 4782 quibua
1374 4699 1410 4764 in
1435 4717 1537 4763 onar-

85 4804 208 4875 randis
240 4807 465 4893 Pythagoras
502 4804 558 4872 vel
595 4807 757 4890 quisquis
794 4802 860 4871 suit
895 4804 1032 4870 Abarin
1067 4810 1246 4869 auctorem
1284 4798 1538 4886 appellaverat,

84 4920 151 4980 aut
174 4914 352 4981 orationes
377 4909 421 4977 ad
447 4910 582 4979 Abarin
607 4930 738 4985 versae,
768 4908 921 4986 habitas,
953 4911 1010 4974 cni
1040 4905 1269 4992 explicationi
1299 4909 1415 4988 magis
1447 4904 1541 4972 favet

83 5011 238 5084 Proelus
264 5013 317 5095 (fr.
343 5019 418 5096 36);
457 5011 631 5098 Πυθαγόρας
661 5014 690 5075 έν
719 5017 760 5097 τῷ
783 5011 853 5096 πρὸς
876 5007 994 5097 Ἄβαριν
1028 5007 1116 5095 λόγῳ.
1174 5011 1362 5094 Agrigenti
1397 5026 1540 5081 scenam
