3570 5574
787 410 830 481 ss'l

77 611 165 683 alba
188 631 338 696 senago.
356 647 399 659 -
422 610 516 680 Fieri
540 613 647 680 etlam
664 614 741 681 vias
759 615 803 689 (-·-·
819 608 946 695 πόρους),
969 608 1216 698 complexione
1238 608 1531 698 corpusculorum
1600 674 1606 698 ς

76 715 262 785 intellectu
302 734 444 791 sensae,
485 713 731 800 magnitudine
770 723 805 784 et
842 715 1022 784 schemate
1069 715 1290 794 differentes,
1335 737 1397 802 per
1443 735 1532 800 quas

76 840 264 888 succorum
302 818 430 888 ductus
469 819 576 889 solito
612 827 731 888 meatu
770 840 987 905 percurrens,
1025 823 1056 888 si
1098 817 1200 888 nullo
1239 819 1344 888 luerit
1381 817 1529 906 impedi-

78 930 200 993 mento
239 930 412 1003 retentus,
451 927 588 992 sanitas
626 932 785 1004 maneat,
832 921 1025 1011 impeditus
1065 944 1146 992 vero
1186 926 1339 994 statione
1384 944 1531 1009 corpus-

78 1027 242 1127 culorum
266 1029 410 1099 morbos
435 1026 574 1096 efficiat.

285 1219 364 1286 Aet.
390 1217 484 1287 Plac.
510 1218 527 1286 I
553 1224 602 1296 13,
627 1221 647 1285 2
669 1239 702 1304 p.
728 1216 840 1286 3121)
865 1215 940 1302 (περὶ
964 1215 1149 1303 ἐλαχίστουρε

180 1337 382 1424 Ἐμπεδοκλῆς
417 1338 475 1425 ἔφη
509 1339 564 1424 πρδ
598 1345 655 1403 τῶν
685 1338 832 1425 τεσσάρων
867 1337 1019 1426 στοιχείων
1052 1337 1225 1425 θραύσματα
1259 1338 1410 1426 ἐλάχιστα,
1445 1334 1532 1400 οἰονεί
1565 1331 1586 1400 b

78 1448 209 1531 στοιχεῖα
232 1444 288 1530 πρὸ
311 1451 366 1508 τῶν
390 1443 542 1532 στοιχείων
564 1443 740 1531 ὁμοιομερῆ·
760 1443 953 1530 Ἡράκλειτος
978 1441 1187 1527 (Ἡρακλείδης
1204 1444 1293 1512 (toni.
1313 1442 1530 1520 Schleio'rm.)

76 1549 133 1635 πρὸ
156 1555 206 1614 τοδ
229 1549 292 1621 ἑνός
315 1552 397 1612 δοκεῖ
417 1573 472 1613 τισι
495 1548 634 1635 Ι’ρήγματα
664 1548 857 1613 καταλείπειν.
902 1547 1084 1636 Ξενοκράτης
1114 1545 1164 1611 καί
1195 1547 1342 1633 Διόδωρος
1371 1545 1468 1633 ἀμερῆ
1496 1546 1531 1610 τά

77 1652 220 1741 ἐλάχιστα
244 1651 386 1739 ῶρίζοντο.
427 1651 683 1739 Ἡρακλείδης
707 1653 880 1739 θραύσματα
916 1653 973 1734 (cf.
998 1675 1123 1741 supra:
1160 1655 1307 1732 ‚mutuis
1339 1653 1470 1721 ictibus
1494 1654 1532 1721 in

77 1757 221 1829 infinite
244 1761 399 1844 partium
423 1758 623 1843 fragmenta
645 1757 870 1839 solvantur‘).

287 1949 366 2016 Act,
391 1947 486 2017 Plac.
511 1947 562 2016 IV
585 1956 615 2027 9,
639 1954 659 2017 6
682 1970 714 2036 ρ.
740 1954 802 2018 397
820 1949 870 2016 D:

163 2069 366 2155 ·ΙΙαρμενίδης
399 2069 602 2154 Ἐμπεδοκλῆς
632 2068 824 2156 Ἀναξαγόρας
867 2069 1044 2155 Δημόκριτος
1077 2067 1249 2156 Ἰἰπίκουρυς
1280 2066 1533 2153 Ἡρακλείδης
1563 2092 1582 2136 ο

78 2175 159 2260 παρά
182 2175 233 2247 τάς
257 2172 431 2260 συμμετρίας
454 2180 511 2238 τῶν
541 2173 638 2259 πόρων
661 2174 711 2246 τοίς
734 2174 808 2238 κατά
833 2174 918 2259 μέρος
942 2173 1094 2259 αἰσθήσεις
1117 2171 1248 2258 γίνεσθαι
1271 2179 1321 2238 τοῦ
1344 2170 1451 2238 οἰκείου
1475 2179 1533 2237 τῶν

78 2280 227 2362 αἰσθητῶν
251 2277 374 2343 ἑκάστου
398 2277 507 2363 ἑκάστη
531 2278 752 2365 ἐναρμόττοντος
776 2277 904 2358 tDiels:
929 2277 1174 2364 άναρμόττοντυς).

287 2467 575 2538 Pseudo-Galen.
601 2467 734 2538 Introd.
760 2467 848 2537 XIV
872 2491 905 2556 p.
930 2473 994 2538 698
1011 2469 1063 2536 K:

184 2590 258 2653 κατά
282 2588 314 2654 δὲ
334 2587 548 2674 Ἀσκληπιάδην
572 2593 701 2678 στοιχεῖα
724 2589 879 2676 ἀνθρώπου
903 2585 983 2675 ’όγκοι
1008 2587 1144 2677 θρανστοί
1168 2589 1217 2654 καί
1241 2590 1332 2676 πόροι.

289 2781 412 2851 (talen.
438 2781 593 2851 Theriac.
620 2781 664 2851 ed
688 2783 759 2851 Pis.
784 2781 976 2851 xivam:

185 2905 209 2967 εἰ
234 2903 285 2988 μὲν
308 2905 363 2990 γὰρ
386 2907 414 2978 ἐξ
438 2903 548 2990 ἀτόμου
571 2903 620 2968 καί
643 2909 694 2968 τοδ
717 2911 802 2969 κενοδ
830 2904 905 2969 κατά
937 2905 984 2968 τὸν
1005 2903 1182 2991 Ἰόπικοόρυυ
1213 2929 1244 2968 τε
1272 2902 1320 2969 καὶ
1351 2901 1532 2989 Δημοκρίτου
1571 2924 1589 2969 e

79 3009 165 3093 λόγον
189 3010 364 3093 συνειστήκει
388 3009 422 3073 τοί
446 3008 549 3085 πάντα,
580 3005 599 3093 ή
623 3008 656 3072 ἔκ
680 3034 763 3072 τινων
790 3003 885 3094 ὄγκων
914 3007 962 3073 καί
990 3008 1089 3095 πόρων
1116 3009 1190 3074 κατά
1217 3010 1265 3074 τδν
1293 3009 1392 3091 ἰατρδν
1415 3008 1535 3092 Ἀσκλη·

79 3115 199 3197 πιάδην·
227 3112 275 3178 καί
299 3115 354 3199 γάρ
377 3109 457 3186 οὗτος
486 3112 613 3188 ἀλλάξας
643 3115 677 3177 τοί
702 3111 835 3197 ὀνόματα
859 3113 944 3199 μόνον
976 3111 1024 3178 καί
1055 3112 1117 3179 ἀντί
1149 3115 1201 3200 μὲν
1228 3120 1285 3177 τῶν
1319 3112 1435 3199 ἀτόμων
1469 3114 1534 3185 τούς

79 3216 191 3304 όγκυος,
226 3217 287 3283 ἀντὶ
322 3218 354 3283 δὲ
388 3224 438 3283 τοδ
476 3223 560 3283 κενοῦ
597 3218 662 3290 τοδς
700 3217 809 3304 πόρους
848 3218 941 3303 λέγων
977 3218 1029 3303 τῆν
1067 3217 1158 3303 αὐτήν
1196 3216 1314 3291 ἐκείνοις
1352 3224 1408 3281 τῶν
1445 3213 1534 3282 ὄντοιν

79 3323 180 3389 οὐσίαν
204 3324 277 3388 εἰναι
299 3323 482 3410 βουλόμενος.

290 3515 369 3584 Sex.
395 3515 473 3584 adv.
497 3514 666 3594 matham.
691 3514 727 3581 X
750 3519 813 3582 318
837 3535 868 3600 p.
894 3519 958 3582 540
976 3515 1021 3581 B:

184 3637 210 3700 οἱ
235 3635 266 3700 δὲ
290 3634 355 3722 περὶ
377 3637 426 3700 τδν
449 3635 628 3721 Δημόκριτον
651 3633 701 3699 καὶ
721 3632 896 3720 ’ίόπίκουρον
919 3638 949 3710 ἐξ
969 3634 1114 3721 ἀνομοίων
1137 3659 1168 3699 τε
1184 3634 1232 3700 καί
1249 3633 1382 3711 ἀπαθῶν,
1406 3635 1533 3699 τουτέστι
1573 3631 1589 3699 f

80 3749 137 3805 τῶν
160 3740 286 3826 ἀτόμων,
316 3741 342 3805 οἰ
372 3740 404 3804 δὲ
426 3739 491 3826 περὶ
523 3740 582 3803 τόν
613 3739 797 3804 Ποντικόν
823 3738 1080 3826 Ἡρακλείδην
1110 3738 1159 3804 καὶ
1180 3737 1394 3824 Ἀσκληπιάδην
1417 3743 1445 3813 ἐξ
1469 3737 1534 3803 ἀνο-

81 3844 172 3929 μοίων
207 3845 258 3930 μὲν
291 3848 432 3928 παθητῶν
466 3845 507 3919 δέ,
541 3844 677 3931 καθάπερ
711 3851 768 3907 τῶν
800 3842 938 3929 ἀνάρμων
972 3838 1066 3928 όγκων
1101 3844 1185 3925 (scil.
1219 3843 1360 3918 ἐδόξασαν
1393 3844 1444 3929 τῆν
1478 3849 1535 3907 τῶν

81 3950 257 4036 πραγμάτων
280 3950 409 4036 γένεσιν).
456 3951 494 4018 cf.
522 3949 601 4019 Sex.
626 3951 679 4018 III
702 3956 731 4017 ἱ).
756 3948 842 4018 VIII
866 3954 938 4018 220.

290 4141 369 4210 Sex.
395 4141 474 4210 adv.
498 4141 665 4210 matham.
684 4140 752 4209 Vll
775 4145 858 4209 202:

185 4264 262 4329 ἔοικε
284 4266 339 4351 γάρ
356 4313 362 4327 .
379 4261 637 4346 ..Ἀσκληπιάδην
672 4263 720 4325 τδν
753 4261 850 4348 ἰατρὸν
888 4259 1073 4336 αἰνίττεσθαι,
1108 4259 1280 4346 ἀναιροῦντα
1316 4259 1367 4346 μὲν
1402 4262 1433 4326 τδ
1468 4261 1535 4347 ῆγε·
1559 4288 1584 4350 g

82 4368 207 4455 μονικόν,
231 4370 304 4434 κατά
328 4368 360 4435 δὲ
383 4369 431 4433 τὸν
455 4366 542 4431 αὐτὸν
564 4367 669 4454 χρόνον
692 4365 773 4451 αὐτῷ
791 4366 951 4450 γενόμενον.
998 4366 1037 4434 cf.
1063 4365 1156 4435 idem
1180 4365 1202 4433 l.
1226 4366 1250 4434 l.
1275 4373 1348 4436 380.

291 4577 449 4647 Chalcid.
475 4581 512 4646 in
536 4575 627 4643 Plat.
653 4574 740 4644 Tim.
767 4580 830 4644 213
854 4597 887 4662 p.
913 4578 976 4643 226
1001 4575 1179 4644 Mullach:

187 4702 261 4768 Aut
284 4702 378 4768 euim
397 4697 509 4768 moles
535 4696 710 4785 quaedam
728 4703 772 4775 t:
788 4692 879 4781 ὄγκοι)
897 4705 983 4766 sunt
1006 4698 1102 4766 leves
1125 4706 1159 4765 et
1182 4696 1354 4783 globosae
1373 4695 1533 4764 eaedem·
1565 4695 1590 4763 h

83 4826 151 4892 que
190 4803 382 4873 admodum
423 4803 604 4878 delicatae,
643 4823 685 4870 ex
724 4803 856 4888 quibus
896 4806 1017 4872 anima
1054 4803 1230 4882 subsistit,
1278 4798 1373 4886 quod
1419 4807 1534 4870 totum

83 4911 233 4997 spiritus
269 4918 333 4987 est,
368 4917 408 4977 ut
442 4906 674 4994 Asclepiades
710 4915 823 4994 putat,
859 4916 921 4976 eut
955 4911 1088 4992 ignitae
1124 4910 1232 4975 atomi
1268 4909 1370 4974 iuxta
1402 4904 1534 4973 Demo·
1564 4916 1567 4924 '

84 5016 210 5083 critum
236 5023 299 5082 etc.
