3570 5574
789 1430 849 1498 111.

596 1636 1049 1772 Fragmenta.

658 1915 683 1983 Ι.
721 1913 985 2001 ΙΙερίηδονης.

533 2073 677 2156 Κωμικῶς
699 2066 900 2157 πεπλασμένον
925 2073 989 2142 DL
1014 2071 1112 2143 V88.

303 2249 432 2318 Athen.
459 2247 530 2316 XII
546 2252 647 2316 512a.
696 2248 735 2316 cf.
762 2246 893 2317 Aelian
916 2271 947 2316 v.
973 2247 1010 2315 h.
1036 2248 1086 2316 IV
1103 2254 1154 2317 22.

195 2368 459 2455 Ἡρακλείδης
483 2369 511 2434 δ’
537 2370 553 2434 ό
578 2369 763 2441 Ποντικὸς
786 2372 821 2434 ἐν
844 2376 891 2455 τῷ
910 2367 995 2455 περὶ
1019 2368 1160 2454 ἡδονῆς
1183 2370 1254 2436 τόδε
1276 2372 1369 2456 λέγει·

198 2492 224 2554 οί
247 2491 379 2576 τύραννοι
401 2491 450 2556 καί
474 2494 500 2556 οί
523 2495 650 2579 βασιλεῖς
680 2492 796 2556 πάντων
819 2492 940 2578 ἀγαθῶν
964 2489 1043 2566 ὄντες
1065 2493 1159 2580 κύριοι
1182 2493 1230 2559 καί
1253 2493 1369 2559 πόντων
1398 2494 1548 2580 εἰληφότες
1571 2501 1587 2570 1

93 2598 196 2681 πεῖραν
211 2597 262 2681 τὴν
285 2596 390 2682 ἡδονὴν
406 2596 596 2684 προκρίνουσι,
620 2604 753 2684 μεγαλοψ
765 2598 895 2685 ιχοτὲρας
912 2597 1050 2682 ποιούσης
1066 2624 1116 2684 της
1133 2598 1238 2683 ἡδονῆς
1253 2599 1304 2672 τάς
1320 2606 1373 2664 τῶν
1390 2598 1549 2684 ἀνθρώπων

93 2699 202 2785 φύσεις.
247 2698 372 2775 ἅπαντες
401 2708 470 2787 γοῦν
498 2704 525 2766 οἱ
548 2702 600 2787 τὴν
622 2702 728 2786 ἡδονὴν
751 2708 886 2787 τιμῶντες
916 2701 965 2767 καί
988 2709 1098 2789 τρυφᾶν
1122 2705 1317 2790 προῃρημένοι
1348 2703 1551 2790 μεγαλόψυχοι

96 2803 146 2869 καὶ
170 2811 400 2894 μεγαλοπρεπεῖς
425 2809 502 2884 εἰσιν,
532 2807 570 2877 ῶς
594 2807 703 2892 Πέρσαι
731 2807 780 2872 καὶ
804 2808 911 2893 Μῆδοι.
957 2807 1081 2893 μα’λιστα
1113 2809 1169 2893 γὰρ
1191 2814 1245 2873 τῶν
1268 2804 1367 2873 ἀλλων
1390 2806 1551 2894 ἀνθρώπων

91 2910 146 2995 βην
179 2910 285 2996 ἡδονὴν
321 2907 400 2976 οὗτοι
434 2911 482 2976 καί
516 2912 548 2976 τὸ
583 2918 692 2997 τρυφᾶν
725 2919 852 2997 τιμῶσιν,
886 2912 1083 2999 ἀνδρειότατοι
1113 2911 1161 2978 καὶ
1196 2913 1468 3001 μεγαλοψυχότατοι
1497 2917 1550 2976 τῶν

90 3014 251 3102 ταρβοίρων
275 3012 353 3089 ὄντες
454 3014 514 3081 ἐστὶ
535 3017 591 3103 γάρ
614 3017 646 3080 τὸ
671 3017 722 3102 μὲν
745 3015 871 3102 ἥδεσθαι
901 3015 1005 3082 καὶτὸ
1029 3024 1138 3104 τρυφῶν
1161 3020 1338 3104 ἐλευθέρων·
1369 3016 1466 3101 ἀνίησι
1496 3017 1550 3102 γὰρ

91 3120 143 3192 τάς
167 3120 264 3208 ψυχάς
286 3119 336 3186 καί
364 3117 455 3196 αὔξει·
479 3121 511 3185 τδ
535 3120 568 3185 δὲ
591 3125 686 3186 πονεῖν
710 3122 822 3187 δούλων
846 3120 895 3187 καί
917 3128 1073 3187 ταπεινῶν.
1104 3122 1222 3188 διὸκαὶ
1247 3124 1449 3187 συστέλλονται
1471 3117 1551 3187 οὗτοι

91 3223 142 3289 καί
156 3225 208 3298 τὰς
223 3227 333 3312 φύσεις.
356 3225 405 3291 καί
421 3227 440 3311 ἡ
454 3226 618 3311 Ἀθηναίων
634 3226 724 3300 πόλις,
742 3229 798 3299 ἕως
815 3226 935 3315 ἐτρύφα,
952 3225 1071 3312 μεγίστη
1087 3252 1120 3291 τε
1134 3223 1170 3311 ἧν
1185 3227 1235 3292 καί
1251 3228 1548 3315 μεγαλοψυχοτάτους

92 3329 211 3415 ἔτρεφεν
233 3326 347 3418 ἀνδρας.
392 3331 521 3417 ἁλουργῆ
545 3331 597 3417 μὲν
619 3332 675 3418 γὰρ
699 3330 878 3420 ἠμπίσχοντο
902 3332 1012 3417 ίμότια,
1037 3329 1184 3405 ποικίλους
1208 3332 1235 3396 δ’
1255 3333 1394 3397 ὑπέδυνον
1417 3337 1549 3420 χιτῶνας,

91 3433 252 3522 κορύμβους
275 3436 303 3501 δ’
321 3436 514 3522 ἀναδούμενοι
537 3442 590 3501 τῶν
605 3442 710 3524 τριχῶν
733 3442 859 3523 χρυσοῦς
883 3437 1010 3522 τέττιγας
1034 3435 1098 3523 περί
1114 3437 1146 3501 τό
1164 3437 1297 3522 μέτωπον
1312 3435 1362 3501 καί
1377 3436 1428 3509 τάς
1443 3435 1549 3522 κόρρας

92 3538 205 3617 (Birta
238 3540 331 3625 κόμας
356 3542 434 3622 ΑΕ)
465 3543 601 3630 ἐφόρουν·
632 3540 771 3614 ὀκλαδίας
800 3567 831 3606 τε
855 3540 951 3612 αὐτοῖς
975 3539 1092 3628 δίφρους
1116 3541 1221 3628 ἔφερον
1250 3542 1277 3606 σί
1300 3543 1410 3616 παῖδες,
1437 3541 1485 3606 ἵνα
1509 3541 1548 3626 μή

90 3642 240 3717 καθίζοιεν
262 3645 300 3718 ῶς
323 3645 433 3733 ἔτυχεν.
478 3647 526 3712 καί
550 3643 629 3711 οὗτοι
653 3642 727 3731 ἦσαν
749 3647 787 3735 [οἱ
810 3653 951 3713 τοιούτοιῑ
977 3645 1043 3716 del.
1062 3646 1180 3734 Καλὴ]
1203 3648 1230 3710 οἱ
1253 3648 1305 3731 τὴν
1328 3651 1358 3712 ἐν
1385 3647 1550 3732 Μαραθῶνι

93 3747 260 3833 νικήσαντες
291 3748 391 3837 μυίχην
419 3753 468 3817 καὶ
500 3752 582 3837 μόνοι
612 3752 663 3836 τήν
692 3758 743 3837 τῆς
764 3751 859 3825 Ἀσίας
883 3751 998 3835 ἀπάσης
1022 3750 1142 3836 δύναμιν
1173 3752 1395 3839 χειρωσόμενοι.
1450 3749 1499 3816 καὶ
1523 3752 1550 3815 οί

91 3852 303 3940 φρονιμώτατοι
326 3857 367 3932 δέ,
398 3855 493 3943 φησίν,
525 3855 574 3921 καὶ
606 3856 740 3942 μεγίστην
769 3857 854 3930 δόξαν
877 3855 924 3920 ἐπὶ
947 3855 1036 3943 σοφίη
1060 3855 1176 3944 ἔχοντες
1206 3857 1338 3942 μέγιστον
1361 3856 1475 3942 ἀγαθόν
1498 3856 1550 3941 την

90 3957 197 4043 ἡδονὴν
222 3958 299 4024 εἶναι
321 3960 491 4041 νομίζουσιν,
515 3960 678 4046 Σιμωνίδης
702 3961 753 4046 μὲν
776 3959 883 4026 οὑτωσί
907 3963 1015 4046 λέγων·

297 4099 338 4173 τίς
360 4102 415 4187 γὰρ
439 4101 544 4173 ἁδονᾶς
568 4097 637 4186 ἀτερ
662 4105 770 4185 θνητῶν
793 4099 853 4187 βίος
877 4101 1011 4173 ποθεινὸς
1034 4099 1053 4186 ἀρ
1077 4101 1147 4166 ποία
1171 4100 1314 4188 τυραννίς;

297 4211 348 4278 τᾶς
372 4206 431 4291 [δ’;
457 4205 523 4275 del.
542 4205 661 4289 Κοῖλα]
685 4201 754 4292 ἀτερ
776 4204 845 4270 οὐδὲ
871 4208 945 4270 θεῶν
968 4207 1098 4290 ζηλωτός
1122 4207 1200 4271 αἰών.

197 4343 338 4432 ΙΙίνδαρυς
361 4346 393 4410 δὲ
416 4353 561 4432 παραινῶν
580 4346 693 4432 Ἱέρωνι
715 4351 757 4432 τῷ
776 4345 962 4432 Συρακοσίων
985 4341 1121 4433 ἄρχοντι·

300 4485 369 4570 μηδ’
389 4485 531 4573 ἀμαύρου,
555 4485 635 4572 φησί,
658 4486 756 4573 τέρψιν
781 4489 811 4551 ἐν
834 4485 902 4572 βίῳ·
926 4487 1000 4552 πολύ
1024 4511 1068 4551 τοι

299 4590 432 4676 φέριστον
455 4590 536 4678 ἀνδρὶ
558 4592 676 4678 τερπνός
700 4590 777 4657 αἰών.

201 4727 250 4793 καί
266 4725 399 4816 Ὅμηρος
415 4730 448 4795 δὲ
464 4732 515 4815 τὴν
531 4731 710 4818 εὐφροσύνην
726 4730 774 4796 καὶ
790 4732 821 4795 τό
839 4729 1047 4816 εὐφραίνεσθαι
1062 4731 1143 4802 τέλος
1159 4729 1246 4817 φησίν
1263 4730 1337 4795 εἶναι
1352 4729 1547 4817 χαριέστερον,

89 4830 159 4921 ’θ’ταν
183 4832 352 4919 δαιτυμόνες
376 4834 428 4919 μὲν
452 4835 553 4901 ἀοιδοῦ
577 4836 787 4912 ἀκουάζωνται,
810 4835 890 4922 παρὰ
914 4835 946 4900 δὲ
970 4834 1107 4901 πλύθωσι
1122 4835 1270 4921 τράπεζαι.
1316 4836 1381 4907 τούς
1405 4833 1438 4898 δὲ
1463 4835 1547 4907 θεούς

88 4963 176 5027 φησιν
207 4937 281 5003 εἶναι
309 4942 374 5026 ’ρεῖοι
403 4940 527 5015 ζώοντας
558 4980 599 4988 -
630 4942 663 5006 τδ
691 4942 723 5006 δὲ
746 4939 809 5028 ’ρεῖοί
833 4943 909 5006 ἐστιν
938 4940 1054 5014 ἀπόνως
1079 4978 1120 4987 -
1142 4937 1236 5027 ὥςπερ
1260 4940 1479 5028 ἐνδεικνύμενος
1502 4937 1546 5009 ὅτι

90 5043 222 5134 μέγιστόν
246 5045 305 5110 ἐστι
328 5052 382 5110 τῶν
405 5053 500 5112 κακῶν
523 5047 542 5133 ἡ
565 5045 631 5135 περὶ
653 5048 686 5112 τὸ
710 5052 759 5123 [fv
782 5045 969 5138 ταλαιπωρία
992 5044 1041 5116 καὶ
1063 5046 1079 5115 ὁ
1103 5045 1199 5126 πόνος.
