<?xml version="1.0" encoding="UTF-8"?>
<!DOCTYPE html PUBLIC "-//W3C//DTD XHTML 1.0 Transitional//EN"
    "http://www.w3.org/TR/xhtml1/DTD/xhtml1-transitional.dtd">
<html xmlns="http://www.w3.org/1999/xhtml" xml:lang="en" lang="en">
 <head>
  <title>
</title>
<meta http-equiv="Content-Type" content="text/html;charset=utf-8" />
  <meta name='ocr-system' content='tesseract 3.04.00' />
  <meta name='ocr-capabilities' content='ocr_page ocr_carea ocr_par ocr_line ocrx_word'/>
</head>
<body>
  <div class='ocr_page' id='page_1' title='image "./deheraclidispon00vossgoog_0050.png"; bbox 0 0 3570 5574; ppageno 0'>
   <div class='ocr_carea' id='block_1_1' title="bbox 845 400 887 464">
    <p class='ocr_par' dir='ltr' id='par_1_1' title="bbox 845 400 887 464">
     <span class='ocr_line' id='line_1_1' title="bbox 845 400 887 464; baseline 0 0"><span class='ocrx_word' id='word_1_1' title='bbox 845 400 887 464; x_wconf 71' lang='lat' dir='ltr'>te</span> 
     </span>
    </p>
   </div>
   <div class='ocr_carea' id='block_1_2' title="bbox 134 596 1595 1313">
    <p class='ocr_par' dir='ltr' id='par_1_2' title="bbox 134 596 1595 1313">
     <span class='ocr_line' id='line_1_2' title="bbox 137 596 1595 689; baseline 0.005 -23"><span class='ocrx_word' id='word_1_2' title='bbox 137 596 241 684; x_wconf 84' lang='lat' dir='ltr'><strong>irgm.</strong></span> <span class='ocrx_word' id='word_1_3' title='bbox 270 606 320 680; x_wconf 88' lang='lat'>10,</span> <span class='ocrx_word' id='word_1_4' title='bbox 354 600 537 670; x_wconf 87' lang='lat' dir='ltr'><strong>oraculum</strong></span> <span class='ocrx_word' id='word_1_5' title='bbox 573 597 751 686; x_wconf 85' lang='lat' dir='ltr'><strong>Sybaritis</strong></span> <span class='ocrx_word' id='word_1_6' title='bbox 787 603 831 672; x_wconf 89' lang='lat' dir='ltr'>ab</span> <span class='ocrx_word' id='word_1_7' title='bbox 864 601 1036 689; x_wconf 82' lang='lat' dir='ltr'>Apolline</span> <span class='ocrx_word' id='word_1_8' title='bbox 1068 600 1190 672; x_wconf 87' lang='lat' dir='ltr'><strong>datum</strong></span> <span class='ocrx_word' id='word_1_9' title='bbox 1226 640 1261 649; x_wconf 71' lang='lat'>-</span> <span class='ocrx_word' id='word_1_10' title='bbox 1293 603 1519 676; x_wconf 85' lang='lat' dir='ltr'>simiIIImum</span> <span class='ocrx_word' id='word_1_11' title='bbox 1555 614 1595 675; x_wconf 88' lang='lat' dir='ltr'>ut</span> 
     </span>
     <span class='ocr_line' id='line_1_3' title="bbox 136 702 1593 791; baseline 0.005 -21"><span class='ocrx_word' id='word_1_12' title='bbox 136 709 226 790; x_wconf 91' lang='lat' dir='ltr'><strong>puto</strong></span> <span class='ocrx_word' id='word_1_13' title='bbox 251 702 423 774; x_wconf 85' lang='lat' dir='ltr'><strong>Aelianec</strong></span> <span class='ocrx_word' id='word_1_14' title='bbox 456 718 478 749; x_wconf 46' lang='grc' dir='ltr'>ἑ</span> <span class='ocrx_word' id='word_1_15' title='bbox 512 702 715 791; x_wconf 89' lang='lat' dir='ltr'><strong>protulisse.</strong></span> <span class='ocrx_word' id='word_1_16' title='bbox 762 704 855 774; x_wconf 85' lang='lat' dir='ltr'>Nom</span> <span class='ocrx_word' id='word_1_17' title='bbox 887 706 1071 776; x_wconf 77' lang='lat' dir='ltr'><strong>Athenaeo</strong></span> <span class='ocrx_word' id='word_1_18' title='bbox 1102 705 1159 775; x_wconf 92' lang='lat' dir='ltr'>vel</span> <span class='ocrx_word' id='word_1_19' title='bbox 1194 709 1330 776; x_wconf 87' lang='lat' dir='ltr'><strong>auctori</strong></span> <span class='ocrx_word' id='word_1_20' title='bbox 1364 709 1440 776; x_wconf 90' lang='lat' dir='ltr'><strong>eius</strong></span> <span class='ocrx_word' id='word_1_21' title='bbox 1465 707 1593 778; x_wconf 89' lang='lat' dir='ltr'><strong>confisi</strong></span> 
     </span>
     <span class='ocr_line' id='line_1_4' title="bbox 136 806 1594 900; baseline 0.003 -24"><span class='ocrx_word' id='word_1_22' title='bbox 136 808 372 894; x_wconf 83' lang='lat' dir='ltr'><strong>probaremus</strong></span> <span class='ocrx_word' id='word_1_23' title='bbox 397 806 551 896; x_wconf 82' lang='lat' dir='ltr'><strong>Sybarin</strong></span> <span class='ocrx_word' id='word_1_24' title='bbox 576 830 617 876; x_wconf 92' lang='lat' dir='ltr'>ea</span> <span class='ocrx_word' id='word_1_25' title='bbox 647 809 690 879; x_wconf 91' lang='lat' dir='ltr'>de</span> <span class='ocrx_word' id='word_1_26' title='bbox 719 831 828 878; x_wconf 88' lang='lat' dir='ltr'><strong>cansa</strong></span> <span class='ocrx_word' id='word_1_27' title='bbox 856 808 967 895; x_wconf 78' lang='grc' dir='ltr'><strong>(διόπερ</strong></span> <span class='ocrx_word' id='word_1_28' title='bbox 991 810 1090 896; x_wconf 88' lang='lat' dir='ltr'><strong>frgm.</strong></span> <span class='ocrx_word' id='word_1_29' title='bbox 1119 814 1169 887; x_wconf 85' lang='lat'>11)</span> <span class='ocrx_word' id='word_1_30' title='bbox 1199 832 1276 880; x_wconf 86' lang='lat' dir='ltr'><strong>esse</strong></span> <span class='ocrx_word' id='word_1_31' title='bbox 1306 832 1464 883; x_wconf 86' lang='lat' dir='ltr'><strong>eversam</strong></span> <span class='ocrx_word' id='word_1_32' title='bbox 1498 812 1594 900; x_wconf 92' lang='lat' dir='ltr'><strong>quod</strong></span> 
     </span>
     <span class='ocr_line' id='line_1_5' title="bbox 138 910 1592 1002; baseline 0.006 -23"><span class='ocrx_word' id='word_1_33' title='bbox 138 951 178 959; x_wconf 79' lang='lat'>—</span> <span class='ocrx_word' id='word_1_34' title='bbox 206 911 307 980; x_wconf 85' lang='lat' dir='ltr'><strong>alteri</strong></span> <span class='ocrx_word' id='word_1_35' title='bbox 331 910 707 983; x_wconf 85' lang='lat' dir='ltr'><strong>Schneidemuehliani</strong></span> <span class='ocrx_word' id='word_1_36' title='bbox 732 951 772 959; x_wconf 97' lang='lat'>—</span> <span class='ocrx_word' id='word_1_37' title='bbox 795 913 930 984; x_wconf 81' lang='lat' dir='ltr'><strong>fontem</strong></span> <span class='ocrx_word' id='word_1_38' title='bbox 963 937 980 981; x_wconf 94' lang='lat' dir='ltr'><strong>e</strong></span> <span class='ocrx_word' id='word_1_39' title='bbox 1011 913 1088 985; x_wconf 89' lang='lat' dir='ltr'><strong>solo</strong></span> <span class='ocrx_word' id='word_1_40' title='bbox 1120 938 1158 983; x_wconf 89' lang='lat' dir='ltr'>se</span> <span class='ocrx_word' id='word_1_41' title='bbox 1188 914 1462 1002; x_wconf 78' lang='lat' dir='ltr'><strong>profundentem</strong></span> <span class='ocrx_word' id='word_1_42' title='bbox 1496 939 1592 988; x_wconf 92' lang='lat' dir='ltr'><strong>com-</strong></span> 
     </span>
     <span class='ocr_line' id='line_1_6' title="bbox 134 1016 1593 1105; baseline 0.003 -20"><span class='ocrx_word' id='word_1_43' title='bbox 134 1021 290 1105; x_wconf 89' lang='lat' dir='ltr'><strong>primere</strong></span> <span class='ocrx_word' id='word_1_44' title='bbox 313 1039 387 1087; x_wconf 91' lang='lat' dir='ltr'>non</span> <span class='ocrx_word' id='word_1_45' title='bbox 411 1024 585 1104; x_wconf 87' lang='lat' dir='ltr'><strong>poterant.</strong></span> <span class='ocrx_word' id='word_1_46' title='bbox 626 1016 732 1099; x_wconf 79' lang='lat' dir='ltr'><strong>Quod</strong></span> <span class='ocrx_word' id='word_1_47' title='bbox 755 1021 917 1105; x_wconf 86' lang='lat' dir='ltr'><strong>ineptum</strong></span> <span class='ocrx_word' id='word_1_48' title='bbox 942 1028 1004 1088; x_wconf 89' lang='lat' dir='ltr'><strong>est.</strong></span> <span class='ocrx_word' id='word_1_49' title='bbox 1052 1020 1102 1087; x_wconf 88' lang='lat' dir='ltr'>At</span> <span class='ocrx_word' id='word_1_50' title='bbox 1127 1023 1247 1089; x_wconf 90' lang='lat' dir='ltr'><strong>omnia</strong></span> <span class='ocrx_word' id='word_1_51' title='bbox 1271 1020 1360 1089; x_wconf 87' lang='lat' dir='ltr'><strong>bene</strong></span> <span class='ocrx_word' id='word_1_52' title='bbox 1384 1043 1422 1090; x_wconf 88' lang='lat' dir='ltr'>se</span> <span class='ocrx_word' id='word_1_53' title='bbox 1446 1021 1593 1102; x_wconf 74' lang='lat' dir='ltr'><strong>habent,</strong></span> 
     </span>
     <span class='ocr_line' id='line_1_7' title="bbox 135 1118 1592 1211; baseline 0.004 -22"><span class='ocrx_word' id='word_1_54' title='bbox 135 1125 169 1190; x_wconf 90' lang='lat' dir='ltr'>si</span> <span class='ocrx_word' id='word_1_55' title='bbox 207 1120 345 1191; x_wconf 80' lang='lat' dir='ltr'><strong>dixerat</strong></span> <span class='ocrx_word' id='word_1_56' title='bbox 378 1118 595 1200; x_wconf 80' lang='lat' dir='ltr'><strong>Heraclides,</strong></span> <span class='ocrx_word' id='word_1_57' title='bbox 631 1120 818 1208; x_wconf 82' lang='lat' dir='ltr'><strong>Sybaritas</strong></span> <span class='ocrx_word' id='word_1_58' title='bbox 854 1123 1029 1194; x_wconf 90' lang='lat' dir='ltr'><strong>horrendo</strong></span> <span class='ocrx_word' id='word_1_59' title='bbox 1064 1123 1227 1211; x_wconf 91' lang='lat' dir='ltr'><strong>prodigio</strong></span> <span class='ocrx_word' id='word_1_60' title='bbox 1263 1128 1450 1194; x_wconf 85' lang='lat' dir='ltr'><strong>exterritos</strong></span> <span class='ocrx_word' id='word_1_61' title='bbox 1487 1125 1592 1196; x_wconf 92' lang='lat' dir='ltr'><strong>deum</strong></span> 
     </span>
     <span class='ocr_line' id='line_1_8' title="bbox 134 1226 1331 1313; baseline 0.001 -18"><span class='ocrx_word' id='word_1_62' title='bbox 134 1226 378 1306; x_wconf 84' lang='lat' dir='ltr'><strong>consuluisse,</strong></span> <span class='ocrx_word' id='word_1_63' title='bbox 402 1229 503 1295; x_wconf 88' lang='lat' dir='ltr'><strong>cuius</strong></span> <span class='ocrx_word' id='word_1_64' title='bbox 527 1247 739 1313; x_wconf 90' lang='lat' dir='ltr'><strong>responsum</strong></span> <span class='ocrx_word' id='word_1_65' title='bbox 763 1248 867 1296; x_wconf 85' lang='lat' dir='ltr'><strong>casus</strong></span> <span class='ocrx_word' id='word_1_66' title='bbox 892 1227 1031 1298; x_wconf 81' lang='lat' dir='ltr'><strong>futuros</strong></span> <span class='ocrx_word' id='word_1_67' title='bbox 1056 1231 1106 1297; x_wconf 89' lang='lat' dir='ltr'>eis</span> <span class='ocrx_word' id='word_1_68' title='bbox 1131 1231 1331 1299; x_wconf 86' lang='lat' dir='ltr'><strong>retexisset:</strong></span> 
     </span>
    </p>
   </div>
   <div class='ocr_carea' id='block_1_3' title="bbox 449 1362 1270 1766">
    <p class='ocr_par' dir='ltr' id='par_1_3' title="bbox 449 1362 1270 1556">
     <span class='ocr_line' id='line_1_9' title="bbox 449 1362 1270 1455; baseline 0.004 -28"><span class='ocrx_word' id='word_1_69' title='bbox 449 1366 508 1436; x_wconf 82' lang='grc' dir='ltr'>τοῖς</span> <span class='ocrx_word' id='word_1_70' title='bbox 530 1362 563 1428; x_wconf 86' lang='grc' dir='ltr'>δέ</span> <span class='ocrx_word' id='word_1_71' title='bbox 585 1371 680 1438; x_wconf 88' lang='grc' dir='ltr'>κακῶς</span> <span class='ocrx_word' id='word_1_72' title='bbox 702 1365 798 1451; x_wconf 78' lang='grc' dir='ltr'>βέξασι</span> <span class='ocrx_word' id='word_1_73' title='bbox 822 1364 903 1450; x_wconf 92' lang='grc' dir='ltr'>δίκης</span> <span class='ocrx_word' id='word_1_74' title='bbox 926 1366 1008 1440; x_wconf 81' lang='grc' dir='ltr'>τέλος</span> <span class='ocrx_word' id='word_1_75' title='bbox 1031 1364 1098 1455; x_wconf 81' lang='grc' dir='ltr'>οὐχί</span> <span class='ocrx_word' id='word_1_76' title='bbox 1121 1368 1270 1454; x_wconf 84' lang='grc' dir='ltr'>χρονιστάν</span> 
     </span>
     <span class='ocr_line' id='line_1_10' title="bbox 451 1466 1178 1556; baseline 0.004 -24"><span class='ocrx_word' id='word_1_77' title='bbox 451 1466 520 1532; x_wconf 79' lang='grc' dir='ltr'>οὐδὲ</span> <span class='ocrx_word' id='word_1_78' title='bbox 542 1468 728 1555; x_wconf 86' lang='grc' dir='ltr'>παραιτητόν,</span> <span class='ocrx_word' id='word_1_79' title='bbox 751 1467 816 1534; x_wconf 79' lang='grc' dir='ltr'>οὐδ’</span> <span class='ocrx_word' id='word_1_80' title='bbox 832 1471 857 1534; x_wconf 84' lang='grc' dir='ltr'>εἰ</span> <span class='ocrx_word' id='word_1_81' title='bbox 881 1471 947 1543; x_wconf 82' lang='grc' dir='ltr'>Διὸς</span> <span class='ocrx_word' id='word_1_82' title='bbox 971 1470 1083 1556; x_wconf 77' lang='grc' dir='ltr'><strong>ἔγγονοι</strong></span> <span class='ocrx_word' id='word_1_83' title='bbox 1106 1470 1178 1535; x_wconf 87' lang='grc' dir='ltr'>εἶεν·</span> 
     </span>
    </p>

    <p class='ocr_par' dir='ltr' id='par_1_4' title="bbox 450 1571 1258 1766">
     <span class='ocr_line' id='line_1_11' title="bbox 450 1571 1258 1661; baseline 0.002 -25"><span class='ocrx_word' id='word_1_84' title='bbox 450 1571 517 1637; x_wconf 87' lang='grc' dir='ltr'>ἀλλ’</span> <span class='ocrx_word' id='word_1_85' title='bbox 533 1572 627 1637; x_wconf 79' lang='grc' dir='ltr'>αὐτῶν</span> <span class='ocrx_word' id='word_1_86' title='bbox 650 1579 795 1660; x_wconf 71' lang='grc' dir='ltr'>κεφαλῇσι</span> <span class='ocrx_word' id='word_1_87' title='bbox 818 1572 867 1638; x_wconf 86' lang='grc' dir='ltr'>καί</span> <span class='ocrx_word' id='word_1_88' title='bbox 890 1577 920 1639; x_wconf 85' lang='grc' dir='ltr'>ἐν</span> <span class='ocrx_word' id='word_1_89' title='bbox 943 1575 1107 1661; x_wconf 73' lang='grc' dir='ltr'>σφετέροισι</span> <span class='ocrx_word' id='word_1_90' title='bbox 1130 1576 1258 1641; x_wconf 78' lang='grc' dir='ltr'>τέκεσσιν</span> 
     </span>
     <span class='ocr_line' id='line_1_12' title="bbox 450 1676 1207 1766; baseline 0.004 -25"><span class='ocrx_word' id='word_1_91' title='bbox 450 1677 577 1754; x_wconf 86' lang='grc' dir='ltr'>εἱλεῖται,</span> <span class='ocrx_word' id='word_1_92' title='bbox 601 1676 649 1742; x_wconf 86' lang='grc' dir='ltr'>καί</span> <span class='ocrx_word' id='word_1_93' title='bbox 673 1684 756 1763; x_wconf 78' lang='grc' dir='ltr'>πῆμα</span> <span class='ocrx_word' id='word_1_94' title='bbox 780 1679 879 1763; x_wconf 89' lang='grc' dir='ltr'>δόμοις</span> <span class='ocrx_word' id='word_1_95' title='bbox 902 1677 949 1743; x_wconf 81' lang='grc' dir='ltr'>ἐπὶ</span> <span class='ocrx_word' id='word_1_96' title='bbox 972 1679 1083 1765; x_wconf 74' lang='grc' dir='ltr'>πόματι</span> <span class='ocrx_word' id='word_1_97' title='bbox 1106 1679 1207 1766; x_wconf 77' lang='grc' dir='ltr'>βαίνει.</span> 
     </span>
    </p>
   </div>
   <div class='ocr_carea' id='block_1_4' title="bbox 132 1816 1593 2222">
    <p class='ocr_par' dir='ltr' id='par_1_5' title="bbox 132 1816 1593 2222">
     <span class='ocr_line' id='line_1_13' title="bbox 242 1816 1593 1909; baseline 0.002 -21"><span class='ocrx_word' id='word_1_98' title='bbox 242 1820 367 1906; x_wconf 86' lang='lat' dir='ltr'><strong>ltaque</strong></span> <span class='ocrx_word' id='word_1_99' title='bbox 390 1816 556 1887; x_wconf 83' lang='lat' dir='ltr'><strong>lacunam</strong></span> <span class='ocrx_word' id='word_1_100' title='bbox 580 1820 722 1902; x_wconf 81' lang='lat' dir='ltr'><strong>signavi</strong></span> <span class='ocrx_word' id='word_1_101' title='bbox 746 1828 828 1888; x_wconf 87' lang='lat' dir='ltr'><strong>ante</strong></span> <span class='ocrx_word' id='word_1_102' title='bbox 853 1817 954 1904; x_wconf 81' lang='grc' dir='ltr'>διόπερ</span> <span class='ocrx_word' id='word_1_103' title='bbox 977 1817 1132 1883; x_wconf 80' lang='grc' dir='ltr'>ἀνάστατοι</span> <span class='ocrx_word' id='word_1_104' title='bbox 1155 1819 1293 1904; x_wconf 75' lang='grc' dir='ltr'>ἐγένοντο,</span> <span class='ocrx_word' id='word_1_105' title='bbox 1318 1843 1425 1909; x_wconf 90' lang='lat' dir='ltr'><strong>quam</strong></span> <span class='ocrx_word' id='word_1_106' title='bbox 1449 1825 1500 1891; x_wconf 91' lang='lat' dir='ltr'>sic</span> <span class='ocrx_word' id='word_1_107' title='bbox 1524 1823 1593 1891; x_wconf 90' lang='lat' dir='ltr'><strong>fere</strong></span> 
     </span>
     <span class='ocr_line' id='line_1_14' title="bbox 132 1920 1593 2012; baseline -0.003 -18"><span class='ocrx_word' id='word_1_108' title='bbox 132 1923 354 2011; x_wconf 78' lang='lat' dir='ltr'><strong>explendam</strong></span> <span class='ocrx_word' id='word_1_109' title='bbox 389 1944 467 1992; x_wconf 82' lang='lat' dir='ltr'><strong>esse</strong></span> <span class='ocrx_word' id='word_1_110' title='bbox 501 1942 641 1992; x_wconf 79' lang='lat' dir='ltr'><strong>censeo:</strong></span> <span class='ocrx_word' id='word_1_111' title='bbox 678 1920 785 1987; x_wconf 88' lang='grc' dir='ltr'>ἀενάου</span> <span class='ocrx_word' id='word_1_112' title='bbox 816 1921 849 1986; x_wconf 80' lang='grc' dir='ltr'>δέ</span> <span class='ocrx_word' id='word_1_113' title='bbox 880 1922 1021 2006; x_wconf 76' lang='grc' dir='ltr'>δοκούσης</span> <span class='ocrx_word' id='word_1_114' title='bbox 1052 1929 1102 2008; x_wconf 72' lang='grc' dir='ltr'>τῆς</span> <span class='ocrx_word' id='word_1_115' title='bbox 1126 1930 1220 2009; x_wconf 67' lang='grc' dir='ltr'>πηγῆς</span> <span class='ocrx_word' id='word_1_116' title='bbox 1244 1924 1377 2012; x_wconf 81' lang='grc' dir='ltr'>ἔπεμψαν</span> <span class='ocrx_word' id='word_1_117' title='bbox 1401 1928 1430 1998; x_wconf 87' lang='grc' dir='ltr'>ἐς</span> <span class='ocrx_word' id='word_1_118' title='bbox 1454 1926 1593 2012; x_wconf 74' lang='grc' dir='ltr'>Δελφούς.</span> 
     </span>
     <span class='ocr_line' id='line_1_15' title="bbox 132 2024 1593 2120; baseline 0.005 -28"><span class='ocrx_word' id='word_1_119' title='bbox 132 2027 154 2114; x_wconf 80' lang='grc' dir='ltr'>ἡ</span> <span class='ocrx_word' id='word_1_120' title='bbox 189 2027 222 2093; x_wconf 80' lang='grc' dir='ltr'>δὲ</span> <span class='ocrx_word' id='word_1_121' title='bbox 254 2025 351 2092; x_wconf 84' lang='grc' dir='ltr'>Πυθία</span> <span class='ocrx_word' id='word_1_122' title='bbox 380 2024 553 2112; x_wconf 82' lang='grc' dir='ltr'>ἀπεκρίνατο</span> <span class='ocrx_word' id='word_1_123' title='bbox 590 2029 821 2114; x_wconf 85' lang='lat' dir='ltr'><strong>(sequebatur</strong></span> <span class='ocrx_word' id='word_1_124' title='bbox 857 2028 1068 2111; x_wconf 78' lang='lat' dir='ltr'><strong>oraculum).</strong></span> <span class='ocrx_word' id='word_1_125' title='bbox 1126 2029 1215 2098; x_wconf 91' lang='lat' dir='ltr'><strong>Mire</strong></span> <span class='ocrx_word' id='word_1_126' title='bbox 1249 2038 1452 2120; x_wconf 86' lang='lat' dir='ltr'><strong>congruunt</strong></span> <span class='ocrx_word' id='word_1_127' title='bbox 1486 2033 1593 2100; x_wconf 87' lang='lat' dir='ltr'><strong>etiam</strong></span> 
     </span>
     <span class='ocr_line' id='line_1_16' title="bbox 134 2131 591 2222; baseline -0.007 -20"><span class='ocrx_word' id='word_1_128' title='bbox 134 2155 232 2222; x_wconf 89' lang='lat' dir='ltr'><strong>quae</strong></span> <span class='ocrx_word' id='word_1_129' title='bbox 254 2135 292 2202; x_wconf 92' lang='lat' dir='ltr'>in</span> <span class='ocrx_word' id='word_1_130' title='bbox 314 2131 386 2201; x_wconf 90' lang='lat' dir='ltr'>fine</span> <span class='ocrx_word' id='word_1_131' title='bbox 408 2131 591 2217; x_wconf 88' lang='lat' dir='ltr'><strong>leguntur:</strong></span> 
     </span>
    </p>
   </div>
   <div class='ocr_carea' id='block_1_5' title="bbox 132 2253 1593 2568">
    <p class='ocr_par' dir='ltr' id='par_1_6' title="bbox 132 2253 1593 2568">
     <span class='ocr_line' id='line_1_17' title="bbox 420 2253 1313 2324; baseline -0.001 -1"><span class='ocrx_word' id='word_1_132' title='bbox 420 2253 557 2323; x_wconf 85' lang='lat' dir='ltr'><strong>Athen:</strong></span> <span class='ocrx_word' id='word_1_133' title='bbox 1169 2254 1313 2324; x_wconf 86' lang='lat' dir='ltr'><strong>Aelian:</strong></span> 
     </span>
     <span class='ocr_line' id='line_1_18' title="bbox 182 2372 1593 2463; baseline 0.001 -22"><span class='ocrx_word' id='word_1_134' title='bbox 182 2375 283 2462; x_wconf 78' lang='grc' dir='ltr'>διόπερ</span> <span class='ocrx_word' id='word_1_135' title='bbox 306 2374 463 2440; x_wconf 81' lang='grc' dir='ltr'>ἀνάστατοι</span> <span class='ocrx_word' id='word_1_136' title='bbox 486 2377 614 2461; x_wconf 72' lang='grc' dir='ltr'>ἐγένοντο</span> <span class='ocrx_word' id='word_1_137' title='bbox 647 2372 695 2438; x_wconf 86' lang='grc' dir='ltr'>καί</span> <span class='ocrx_word' id='word_1_138' title='bbox 719 2373 840 2461; x_wconf 74' lang='grc' dir='ltr'>διεφθά-</span> <span class='ocrx_word' id='word_1_139' title='bbox 936 2374 955 2459; x_wconf 77' lang='grc' dir='ltr'>ἡ</span> <span class='ocrx_word' id='word_1_140' title='bbox 979 2374 1012 2439; x_wconf 85' lang='grc' dir='ltr'>δέ</span> <span class='ocrx_word' id='word_1_141' title='bbox 1028 2373 1093 2458; x_wconf 89' lang='grc' dir='ltr'>δίκη</span> <span class='ocrx_word' id='word_1_142' title='bbox 1117 2374 1170 2439; x_wconf 85' lang='grc' dir='ltr'>οόκ</span> <span class='ocrx_word' id='word_1_143' title='bbox 1193 2375 1341 2462; x_wconf 74' lang='grc' dir='ltr'>ἐβράδυνε</span> <span class='ocrx_word' id='word_1_144' title='bbox 1377 2377 1593 2463; x_wconf 80' lang='grc' dir='ltr'>Κροτωνιάταις</span> 
     </span>
     <span class='ocr_line' id='line_1_19' title="bbox 132 2476 1590 2568; baseline 0.002 -24"><span class='ocrx_word' id='word_1_145' title='bbox 132 2505 231 2568; x_wconf 91' lang='grc' dir='ltr'>ρησαν</span> <span class='ocrx_word' id='word_1_146' title='bbox 254 2477 386 2552; x_wconf 76' lang='grc' dir='ltr'>ἅπαντες.</span> <span class='ocrx_word' id='word_1_147' title='bbox 892 2480 947 2566; x_wconf 77' lang='grc' dir='ltr'>ηάρ</span> <span class='ocrx_word' id='word_1_148' title='bbox 971 2478 1085 2543; x_wconf 82' lang='grc' dir='ltr'>ἐναντίοι</span> <span class='ocrx_word' id='word_1_149' title='bbox 1108 2476 1185 2544; x_wconf 83' lang='grc' dir='ltr'>όπλα</span> <span class='ocrx_word' id='word_1_150' title='bbox 1214 2480 1331 2565; x_wconf 85' lang='grc' dir='ltr'>θέμενοι</span> <span class='ocrx_word' id='word_1_151' title='bbox 1361 2479 1517 2546; x_wconf 84' lang='grc' dir='ltr'>ἀνάστατοι</span> <span class='ocrx_word' id='word_1_152' title='bbox 1541 2481 1590 2547; x_wconf 84' lang='grc' dir='ltr'>ὑπ’</span> 
     </span>
    </p>
   </div>
   <div class='ocr_carea' id='block_1_6' title="bbox 133 2582 1594 3528">
    <p class='ocr_par' dir='ltr' id='par_1_7' title="bbox 893 2582 1563 2672">
     <span class='ocr_line' id='line_1_20' title="bbox 893 2582 1563 2672; baseline 0.003 -24"><span class='ocrx_word' id='word_1_153' title='bbox 893 2582 1009 2648; x_wconf 80' lang='grc' dir='ltr'>ἐκείνων</span> <span class='ocrx_word' id='word_1_154' title='bbox 1033 2585 1162 2668; x_wconf 75' lang='grc' dir='ltr'>ἐγένοντο</span> <span class='ocrx_word' id='word_1_155' title='bbox 1186 2583 1234 2648; x_wconf 89' lang='grc' dir='ltr'>καί</span> <span class='ocrx_word' id='word_1_156' title='bbox 1257 2584 1276 2668; x_wconf 79' lang='grc' dir='ltr'>η’·</span> <span class='ocrx_word' id='word_1_157' title='bbox 1300 2584 1382 2658; x_wconf 81' lang='grc' dir='ltr'>πόλις</span> <span class='ocrx_word' id='word_1_158' title='bbox 1406 2584 1563 2672; x_wconf 75' lang='grc' dir='ltr'>ἠφανίσθη.</span> 
     </span>
    </p>

    <p class='ocr_par' dir='ltr' id='par_1_8' title="bbox 134 2704 1594 2997">
     <span class='ocr_line' id='line_1_21' title="bbox 244 2704 1591 2794; baseline 0.002 -20"><span class='ocrx_word' id='word_1_159' title='bbox 244 2705 391 2776; x_wconf 88' lang='lat' dir='ltr'><strong>Hiatum</strong></span> <span class='ocrx_word' id='word_1_160' title='bbox 418 2710 507 2775; x_wconf 88' lang='lat' dir='ltr'><strong>vitat</strong></span> <span class='ocrx_word' id='word_1_161' title='bbox 530 2708 567 2775; x_wconf 89' lang='lat' dir='ltr'>fr.</span> <span class='ocrx_word' id='word_1_162' title='bbox 586 2715 624 2776; x_wconf 89' lang='lat'>10</span> <span class='ocrx_word' id='word_1_163' title='bbox 648 2706 765 2794; x_wconf 80' lang='lat' dir='ltr'><strong>plane,</strong></span> <span class='ocrx_word' id='word_1_164' title='bbox 788 2710 819 2774; x_wconf 90' lang='lat' dir='ltr'>si</span> <span class='ocrx_word' id='word_1_165' title='bbox 844 2728 981 2775; x_wconf 87' lang='lat' dir='ltr'><strong>mecum</strong></span> <span class='ocrx_word' id='word_1_166' title='bbox 1006 2707 1102 2787; x_wconf 78' lang='lat' dir='ltr'><strong>lacis,</strong></span> <span class='ocrx_word' id='word_1_167' title='bbox 1125 2704 1338 2771; x_wconf 78' lang='grc' dir='ltr'>ἀπελαύνονται</span> <span class='ocrx_word' id='word_1_168' title='bbox 1362 2717 1402 2776; x_wconf 89' lang='lat' dir='ltr'>ut</span> <span class='ocrx_word' id='word_1_169' title='bbox 1424 2730 1468 2777; x_wconf 82' lang='lat' dir='ltr'>ex</span> <span class='ocrx_word' id='word_1_170' title='bbox 1492 2718 1591 2778; x_wconf 89' lang='lat' dir='ltr'><strong>ante·</strong></span> 
     </span>
     <span class='ocr_line' id='line_1_22' title="bbox 134 2810 1594 2900; baseline 0.002 -21"><span class='ocrx_word' id='word_1_171' title='bbox 134 2810 348 2881; x_wconf 88' lang='lat' dir='ltr'><strong>cedentibus</strong></span> <span class='ocrx_word' id='word_1_172' title='bbox 372 2819 498 2898; x_wconf 87' lang='lat' dir='ltr'><strong>postea</strong></span> <span class='ocrx_word' id='word_1_173' title='bbox 522 2811 683 2881; x_wconf 91' lang='lat' dir='ltr'><strong>additum</strong></span> <span class='ocrx_word' id='word_1_174' title='bbox 707 2810 849 2889; x_wconf 88' lang='lat' dir='ltr'><strong>delens;</strong></span> <span class='ocrx_word' id='word_1_175' title='bbox 874 2819 998 2898; x_wconf 86' lang='lat' dir='ltr'><strong>quater</strong></span> <span class='ocrx_word' id='word_1_176' title='bbox 1020 2812 1167 2898; x_wconf 86' lang='lat' dir='ltr'><strong>praebet</strong></span> <span class='ocrx_word' id='word_1_177' title='bbox 1190 2812 1228 2879; x_wconf 87' lang='lat' dir='ltr'>lr.</span> <span class='ocrx_word' id='word_1_178' title='bbox 1249 2819 1286 2880; x_wconf 91' lang='lat'>11</span> <span class='ocrx_word' id='word_1_179' title='bbox 1312 2821 1530 2900; x_wconf 81' lang='lat' dir='ltr'><strong>corruptum.</strong></span> <span class='ocrx_word' id='word_1_180' title='bbox 1554 2822 1594 2882; x_wconf 90' lang='lat' dir='ltr'>ut</span> 
     </span>
     <span class='ocr_line' id='line_1_23' title="bbox 137 2914 1138 2997; baseline -0.001 -13"><span class='ocrx_word' id='word_1_181' title='bbox 137 2914 292 2985; x_wconf 84' lang='lat' dir='ltr'><strong>adnotat</strong></span> <span class='ocrx_word' id='word_1_182' title='bbox 314 2914 515 2997; x_wconf 73' lang='lat' dir='ltr'><strong>Kaibelius</strong></span> <span class='ocrx_word' id='word_1_183' title='bbox 539 2927 574 2985; x_wconf 88' lang='lat' dir='ltr'>et</span> <span class='ocrx_word' id='word_1_184' title='bbox 597 2917 690 2985; x_wconf 89' lang='lat' dir='ltr'><strong>male</strong></span> <span class='ocrx_word' id='word_1_185' title='bbox 714 2924 754 2984; x_wconf 90' lang='lat' dir='ltr'>ut</span> <span class='ocrx_word' id='word_1_186' title='bbox 777 2914 934 2984; x_wconf 88' lang='lat' dir='ltr'><strong>vidimus</strong></span> <span class='ocrx_word' id='word_1_187' title='bbox 958 2915 1138 2986; x_wconf 89' lang='lat' dir='ltr'><strong>traditum.</strong></span> 
     </span>
    </p>

    <p class='ocr_par' dir='ltr' id='par_1_9' title="bbox 133 3019 1593 3528">
     <span class='ocr_line' id='line_1_24' title="bbox 245 3019 1591 3093; baseline 0.001 -6"><span class='ocrx_word' id='word_1_188' title='bbox 245 3019 298 3088; x_wconf 90' lang='lat' dir='ltr'>Dc</span> <span class='ocrx_word' id='word_1_189' title='bbox 314 3019 458 3089; x_wconf 87' lang='lat' dir='ltr'><strong>Timaeo</strong></span> <span class='ocrx_word' id='word_1_190' title='bbox 476 3019 675 3089; x_wconf 81' lang='lat' dir='ltr'><strong>Heraclidis</strong></span> <span class='ocrx_word' id='word_1_191' title='bbox 700 3019 901 3088; x_wconf 87' lang='lat' dir='ltr'><strong>adversario</strong></span> <span class='ocrx_word' id='word_1_192' title='bbox 927 3020 1018 3088; x_wconf 84' lang='lat' dir='ltr'><strong>infra</strong></span> <span class='ocrx_word' id='word_1_193' title='bbox 1041 3021 1157 3090; x_wconf 80' lang='lat' dir='ltr'><strong>fusius</strong></span> <span class='ocrx_word' id='word_1_194' title='bbox 1182 3020 1350 3090; x_wconf 89' lang='lat' dir='ltr'><strong>dicemus.</strong></span> <span class='ocrx_word' id='word_1_195' title='bbox 1391 3021 1591 3093; x_wconf 88' lang='lat' dir='ltr'><strong>Oblocutus</strong></span> 
     </span>
     <span class='ocr_line' id='line_1_25' title="bbox 135 3123 1593 3212; baseline 0 -18"><span class='ocrx_word' id='word_1_196' title='bbox 135 3134 194 3194; x_wconf 88' lang='lat' dir='ltr'>est</span> <span class='ocrx_word' id='word_1_197' title='bbox 217 3125 300 3195; x_wconf 93' lang='lat' dir='ltr'><strong>huic</strong></span> <span class='ocrx_word' id='word_1_198' title='bbox 324 3123 366 3193; x_wconf 90' lang='lat' dir='ltr'>de</span> <span class='ocrx_word' id='word_1_199' title='bbox 391 3146 460 3212; x_wconf 93' lang='lat' dir='ltr'>quo</span> <span class='ocrx_word' id='word_1_200' title='bbox 485 3129 623 3210; x_wconf 85' lang='lat' dir='ltr'><strong>egimus</strong></span> <span class='ocrx_word' id='word_1_201' title='bbox 647 3124 791 3209; x_wconf 86' lang='lat' dir='ltr'><strong>dialogo</strong></span> <span class='ocrx_word' id='word_1_202' title='bbox 817 3123 1025 3194; x_wconf 88' lang='lat' dir='ltr'><strong>Antodorus</strong></span> <span class='ocrx_word' id='word_1_203' title='bbox 1050 3125 1259 3211; x_wconf 81' lang='lat' dir='ltr'><strong>Epicureus,</strong></span> <span class='ocrx_word' id='word_1_204' title='bbox 1290 3149 1372 3206; x_wconf 80' lang='lat' dir='ltr'><strong>non,</strong></span> <span class='ocrx_word' id='word_1_205' title='bbox 1405 3135 1444 3195; x_wconf 83' lang='lat' dir='ltr'>ul</span> <span class='ocrx_word' id='word_1_206' title='bbox 1476 3126 1593 3196; x_wconf 87' lang='lat' dir='ltr'><strong>voluit</strong></span> 
     </span>
     <span class='ocr_line' id='line_1_26' title="bbox 136 3228 1593 3317; baseline 0.002 -20"><span class='ocrx_word' id='word_1_207' title='bbox 136 3229 327 3315; x_wconf 87' lang='lat' dir='ltr'><strong>Menagius</strong></span> <span class='ocrx_word' id='word_1_208' title='bbox 360 3229 405 3298; x_wconf 89' lang='lat' dir='ltr'>ad</span> <span class='ocrx_word' id='word_1_209' title='bbox 437 3229 501 3297; x_wconf 89' lang='lat' dir='ltr'>DL</span> <span class='ocrx_word' id='word_1_210' title='bbox 518 3228 620 3307; x_wconf 79' lang='lat' dir='ltr'>V92,</span> <span class='ocrx_word' id='word_1_211' title='bbox 659 3252 810 3317; x_wconf 88' lang='lat' dir='ltr'><strong>cumque</strong></span> <span class='ocrx_word' id='word_1_212' title='bbox 849 3232 961 3298; x_wconf 90' lang='lat' dir='ltr'><strong>secuti</strong></span> <span class='ocrx_word' id='word_1_213' title='bbox 1001 3229 1160 3298; x_wconf 85' lang='lat' dir='ltr'><strong>Deswert</strong></span> <span class='ocrx_word' id='word_1_214' title='bbox 1197 3252 1229 3317; x_wconf 92' lang='lat' dir='ltr'>p.</span> <span class='ocrx_word' id='word_1_215' title='bbox 1265 3238 1307 3299; x_wconf 73' lang='lat'>44</span> <span class='ocrx_word' id='word_1_216' title='bbox 1346 3241 1380 3300; x_wconf 88' lang='lat' dir='ltr'>ct</span> <span class='ocrx_word' id='word_1_217' title='bbox 1418 3230 1593 3300; x_wconf 83' lang='lat' dir='ltr'><strong>Schrader</strong></span> 
     </span>
     <span class='ocr_line' id='line_1_27' title="bbox 133 3332 1591 3423; baseline 0.003 -21"><span class='ocrx_word' id='word_1_218' title='bbox 133 3357 171 3423; x_wconf 90' lang='lat' dir='ltr'>p.</span> <span class='ocrx_word' id='word_1_219' title='bbox 196 3338 257 3403; x_wconf 78' lang='lat'>251</span> <span class='ocrx_word' id='word_1_220' title='bbox 280 3335 334 3415; x_wconf 63' lang='lat' dir='ltr'>A„</span> <span class='ocrx_word' id='word_1_221' title='bbox 358 3332 574 3413; x_wconf 87' lang='lat' dir='ltr'><strong>Antidorus;</strong></span> <span class='ocrx_word' id='word_1_222' title='bbox 599 3356 682 3403; x_wconf 87' lang='lat' dir='ltr'>nam</span> <span class='ocrx_word' id='word_1_223' title='bbox 705 3335 765 3403; x_wconf 90' lang='lat' dir='ltr'>hic</span> <span class='ocrx_word' id='word_1_224' title='bbox 791 3332 1051 3420; x_wconf 78' lang='lat' dir='ltr'><strong>,philosophus</strong></span> <span class='ocrx_word' id='word_1_225' title='bbox 1076 3337 1195 3403; x_wconf 91' lang='lat' dir='ltr'><strong>nescio</strong></span> <span class='ocrx_word' id='word_1_226' title='bbox 1221 3339 1323 3405; x_wconf 88' lang='lat' dir='ltr'><strong>ouius</strong></span> <span class='ocrx_word' id='word_1_227' title='bbox 1348 3342 1463 3404; x_wconf 88' lang='lat' dir='ltr'><strong>sectae</strong></span> <span class='ocrx_word' id='word_1_228' title='bbox 1488 3344 1523 3404; x_wconf 89' lang='lat' dir='ltr'>et</span> <span class='ocrx_word' id='word_1_229' title='bbox 1546 3338 1591 3408; x_wconf 88' lang='lat' dir='ltr'>ab</span> 
     </span>
     <span class='ocr_line' id='line_1_28' title="bbox 135 3437 1591 3528; baseline 0.001 -21"><span class='ocrx_word' id='word_1_230' title='bbox 135 3438 296 3526; x_wconf 84' lang='lat' dir='ltr'><strong>Epicuro</strong></span> <span class='ocrx_word' id='word_1_231' title='bbox 314 3439 455 3510; x_wconf 85' lang='lat' dir='ltr'><strong>duobus</strong></span> <span class='ocrx_word' id='word_1_232' title='bbox 478 3438 581 3511; x_wconf 90' lang='lat' dir='ltr'><strong>libris</strong></span> <span class='ocrx_word' id='word_1_233' title='bbox 606 3443 840 3526; x_wconf 88' lang='lat' dir='ltr'><strong>impugnatus</strong></span> <span class='ocrx_word' id='word_1_234' title='bbox 858 3446 912 3506; x_wconf 88' lang='lat' dir='ltr'>est</span> <span class='ocrx_word' id='word_1_235' title='bbox 928 3448 962 3507; x_wconf 92' lang='lat' dir='ltr'>et</span> <span class='ocrx_word' id='word_1_236' title='bbox 978 3459 999 3505; x_wconf 90' lang='lat' dir='ltr'><strong>a</strong></span> <span class='ocrx_word' id='word_1_237' title='bbox 1015 3437 1158 3507; x_wconf 83' lang='lat' dir='ltr'><strong>Colotc“</strong></span> <span class='ocrx_word' id='word_1_238' title='bbox 1178 3437 1325 3519; x_wconf 80' lang='lat' dir='ltr'><strong>Usener,</strong></span> <span class='ocrx_word' id='word_1_239' title='bbox 1350 3440 1447 3527; x_wconf 84' lang='lat' dir='ltr'><strong>Epic.</strong></span> <span class='ocrx_word' id='word_1_240' title='bbox 1466 3462 1498 3528; x_wconf 91' lang='lat' dir='ltr'>p.</span> <span class='ocrx_word' id='word_1_241' title='bbox 1517 3447 1591 3509; x_wconf 82' lang='lat'>400.</span> 
     </span>
    </p>
   </div>
   <div class='ocr_carea' id='block_1_7' title="bbox 576 3608 1154 3940">
    <p class='ocr_par' dir='ltr' id='par_1_10' title="bbox 576 3608 1154 3940">
     <span class='ocr_line' id='line_1_29' title="bbox 597 3608 1146 3697; baseline -0.009 -17"><span class='ocrx_word' id='word_1_242' title='bbox 597 3611 657 3681; x_wconf 93' lang='lat' dir='ltr'>IV.</span> <span class='ocrx_word' id='word_1_243' title='bbox 696 3608 789 3696; x_wconf 83' lang='grc' dir='ltr'>Περὶ</span> <span class='ocrx_word' id='word_1_244' title='bbox 819 3611 1069 3697; x_wconf 79' lang='grc' dir='ltr'>σωφροσύνης</span> <span class='ocrx_word' id='word_1_245' title='bbox 1103 3610 1146 3677; x_wconf 67' lang='grc' dir='ltr'>θ’.</span> 
     </span>
     <span class='ocr_line' id='line_1_30' title="bbox 768 3732 961 3803; baseline -0.01 -2"><span class='ocrx_word' id='word_1_246' title='bbox 768 3733 832 3801; x_wconf 84' lang='lat' dir='ltr'>DL</span> <span class='ocrx_word' id='word_1_247' title='bbox 856 3732 885 3799; x_wconf 91' lang='lat' dir='ltr'>V</span> <span class='ocrx_word' id='word_1_248' title='bbox 910 3738 961 3803; x_wconf 83' lang='lat'>86.</span> 
     </span>
     <span class='ocr_line' id='line_1_31' title="bbox 576 3853 1154 3940; baseline 0.003 -21"><span class='ocrx_word' id='word_1_249' title='bbox 576 3861 709 3940; x_wconf 80' lang='grc' dir='ltr'>κωμικῶς</span> <span class='ocrx_word' id='word_1_250' title='bbox 732 3854 934 3939; x_wconf 79' lang='grc' dir='ltr'>πεπλασμένον</span> <span class='ocrx_word' id='word_1_251' title='bbox 958 3855 1023 3923; x_wconf 85' lang='lat' dir='ltr'>DL</span> <span class='ocrx_word' id='word_1_252' title='bbox 1047 3853 1079 3920; x_wconf 91' lang='lat' dir='ltr'>V</span> <span class='ocrx_word' id='word_1_253' title='bbox 1103 3861 1154 3925; x_wconf 89' lang='lat'>88.</span> 
     </span>
    </p>
   </div>
   <div class='ocr_carea' id='block_1_8' title="bbox 574 4026 1156 4356">
    <p class='ocr_par' dir='ltr' id='par_1_11' title="bbox 574 4026 1156 4356">
     <span class='ocr_line' id='line_1_32' title="bbox 629 4026 1102 4114; baseline -0.008 -18"><span class='ocrx_word' id='word_1_254' title='bbox 629 4029 669 4097; x_wconf 92' lang='lat' dir='ltr'>V.</span> <span class='ocrx_word' id='word_1_255' title='bbox 706 4026 797 4114; x_wconf 83' lang='grc' dir='ltr'>Περὶ</span> <span class='ocrx_word' id='word_1_256' title='bbox 826 4027 1026 4114; x_wconf 78' lang='grc' dir='ltr'>εὐσεβείας</span> <span class='ocrx_word' id='word_1_257' title='bbox 1059 4029 1102 4094; x_wconf 84' lang='lat' dir='ltr'>A&#39;.</span> 
     </span>
     <span class='ocr_line' id='line_1_33' title="bbox 769 4149 963 4220; baseline 0 -2"><span class='ocrx_word' id='word_1_258' title='bbox 769 4150 832 4218; x_wconf 86' lang='lat' dir='ltr'>DL</span> <span class='ocrx_word' id='word_1_259' title='bbox 857 4149 889 4216; x_wconf 91' lang='lat' dir='ltr'>V</span> <span class='ocrx_word' id='word_1_260' title='bbox 913 4156 963 4220; x_wconf 83' lang='lat'>86.</span> 
     </span>
     <span class='ocr_line' id='line_1_34' title="bbox 574 4270 1156 4356; baseline 0.007 -21"><span class='ocrx_word' id='word_1_261' title='bbox 574 4277 714 4356; x_wconf 72' lang='grc' dir='ltr'>τραγικῶς</span> <span class='ocrx_word' id='word_1_262' title='bbox 737 4270 938 4355; x_wconf 85' lang='grc' dir='ltr'>πεπλασμένον</span> <span class='ocrx_word' id='word_1_263' title='bbox 962 4271 1026 4338; x_wconf 87' lang='lat' dir='ltr'>DL</span> <span class='ocrx_word' id='word_1_264' title='bbox 1051 4271 1082 4338; x_wconf 93' lang='lat' dir='ltr'>V</span> <span class='ocrx_word' id='word_1_265' title='bbox 1106 4278 1156 4341; x_wconf 88' lang='lat'>88.</span> 
     </span>
    </p>
   </div>
   <div class='ocr_carea' id='block_1_9' title="bbox 135 4443 1659 5071">
    <p class='ocr_par' dir='ltr' id='par_1_12' title="bbox 347 4443 1177 4532">
     <span class='ocr_line' id='line_1_35' title="bbox 347 4443 1177 4532; baseline -0.001 -20"><span class='ocrx_word' id='word_1_266' title='bbox 347 4443 475 4517; x_wconf 83' lang='lat' dir='ltr'><strong>Strabo</strong></span> <span class='ocrx_word' id='word_1_267' title='bbox 500 4445 586 4514; x_wconf 88' lang='lat' dir='ltr'>VIII</span> <span class='ocrx_word' id='word_1_268' title='bbox 611 4451 628 4514; x_wconf 77' lang='lat'>7</span> <span class='ocrx_word' id='word_1_269' title='bbox 653 4466 686 4532; x_wconf 91' lang='lat' dir='ltr'>p.</span> <span class='ocrx_word' id='word_1_270' title='bbox 711 4451 775 4514; x_wconf 89' lang='grc'>384</span> <span class='ocrx_word' id='word_1_271' title='bbox 798 4451 858 4520; x_wconf 84' lang='lat' dir='ltr'>(ex</span> <span class='ocrx_word' id='word_1_272' title='bbox 882 4444 1177 4527; x_wconf 48' lang='lat' dir='ltr'><strong>Eratosthenem:</strong></span> 
     </span>
    </p>

    <p class='ocr_par' dir='ltr' id='par_1_13' title="bbox 135 4565 1659 5071">
     <span class='ocr_line' id='line_1_36' title="bbox 243 4565 1659 4651; baseline -0.001 -19"><span class='ocrx_word' id='word_1_273' title='bbox 243 4565 438 4651; x_wconf 77' lang='grc' dir='ltr'>Κατεκλόσθη</span> <span class='ocrx_word' id='word_1_274' title='bbox 462 4566 489 4631; x_wconf 88' lang='grc' dir='ltr'>δ’</span> <span class='ocrx_word' id='word_1_275' title='bbox 516 4565 661 4651; x_wconf 81' lang='grc' dir='ltr'>ἡἝλίκη</span> <span class='ocrx_word' id='word_1_276' title='bbox 685 4565 763 4630; x_wconf 86' lang='grc' dir='ltr'>δυσίν</span> <span class='ocrx_word' id='word_1_277' title='bbox 792 4565 882 4630; x_wconf 81' lang='grc' dir='ltr'>ἔτεσιν</span> <span class='ocrx_word' id='word_1_278' title='bbox 911 4567 966 4650; x_wconf 82' lang='grc' dir='ltr'>πρὸ</span> <span class='ocrx_word' id='word_1_279' title='bbox 997 4570 1053 4628; x_wconf 88' lang='grc' dir='ltr'>τῶν</span> <span class='ocrx_word' id='word_1_280' title='bbox 1085 4568 1276 4651; x_wconf 80' lang='grc' dir='ltr'>Λευκτρικῶν.</span> <span class='ocrx_word' id='word_1_281' title='bbox 1321 4565 1536 4651; x_wconf 74' lang='grc' dir='ltr'>Ἐρατοσθένης</span> <span class='ocrx_word' id='word_1_282' title='bbox 1559 4566 1591 4630; x_wconf 82' lang='grc' dir='ltr'>δέ</span> <span class='ocrx_word' id='word_1_283' title='bbox 1613 4574 1659 4641; x_wconf 82' lang='grc'>12</span> 
     </span>
     <span class='ocr_line' id='line_1_37' title="bbox 135 4667 1591 4757; baseline 0.001 -24"><span class='ocrx_word' id='word_1_284' title='bbox 135 4667 186 4734; x_wconf 86' lang='grc' dir='ltr'>καὶ</span> <span class='ocrx_word' id='word_1_285' title='bbox 215 4668 301 4743; x_wconf 78' lang='grc' dir='ltr'>αὐτὸς</span> <span class='ocrx_word' id='word_1_286' title='bbox 329 4672 399 4736; x_wconf 84' lang='grc' dir='ltr'>ἰδεῖν</span> <span class='ocrx_word' id='word_1_287' title='bbox 427 4696 499 4757; x_wconf 80' lang='grc' dir='ltr'>φησι</span> <span class='ocrx_word' id='word_1_288' title='bbox 528 4671 576 4735; x_wconf 86' lang='grc' dir='ltr'>τὸν</span> <span class='ocrx_word' id='word_1_289' title='bbox 604 4670 699 4744; x_wconf 80' lang='grc' dir='ltr'>τόπον,</span> <span class='ocrx_word' id='word_1_290' title='bbox 732 4668 780 4734; x_wconf 83' lang='grc' dir='ltr'>καί</span> <span class='ocrx_word' id='word_1_291' title='bbox 811 4670 876 4741; x_wconf 83' lang='grc' dir='ltr'>τούς</span> <span class='ocrx_word' id='word_1_292' title='bbox 907 4669 1057 4754; x_wconf 88' lang='grc' dir='ltr'>πορθμέας</span> <span class='ocrx_word' id='word_1_293' title='bbox 1086 4669 1179 4753; x_wconf 75' lang='grc' dir='ltr'>λέγειν</span> <span class='ocrx_word' id='word_1_294' title='bbox 1208 4669 1246 4742; x_wconf 88' lang='grc' dir='ltr'>ῶς</span> <span class='ocrx_word' id='word_1_295' title='bbox 1277 4672 1307 4734; x_wconf 86' lang='grc' dir='ltr'>ἐν</span> <span class='ocrx_word' id='word_1_296' title='bbox 1329 4676 1371 4755; x_wconf 84' lang='grc' dir='ltr'>τῷ</span> <span class='ocrx_word' id='word_1_297' title='bbox 1390 4669 1472 4755; x_wconf 88' lang='grc' dir='ltr'>πόρῳ</span> <span class='ocrx_word' id='word_1_298' title='bbox 1504 4668 1591 4756; x_wconf 85' lang='grc' dir='ltr'>όρθάς</span> 
     </span>
     <span class='ocr_line' id='line_1_38' title="bbox 136 4771 1591 4862; baseline 0 -25"><span class='ocrx_word' id='word_1_299' title='bbox 136 4771 253 4857; x_wconf 67' lang='grc' dir='ltr'>ἑστήκει</span> <span class='ocrx_word' id='word_1_300' title='bbox 288 4775 435 4839; x_wconf 84' lang='grc' dir='ltr'>Ποσειδῶν</span> <span class='ocrx_word' id='word_1_301' title='bbox 469 4774 604 4862; x_wconf 84' lang='grc' dir='ltr'>χάλκεος,</span> <span class='ocrx_word' id='word_1_302' title='bbox 640 4773 718 4861; x_wconf 81' lang='grc' dir='ltr'>ἔχων</span> <span class='ocrx_word' id='word_1_303' title='bbox 753 4772 938 4857; x_wconf 85' lang='grc' dir='ltr'>ίππόκαμπον</span> <span class='ocrx_word' id='word_1_304' title='bbox 971 4778 1001 4835; x_wconf 86' lang='grc' dir='ltr'>ἐν</span> <span class='ocrx_word' id='word_1_305' title='bbox 1030 4779 1068 4858; x_wconf 73' lang='grc' dir='ltr'>τη</span> <span class='ocrx_word' id='word_1_306' title='bbox 1100 4771 1177 4859; x_wconf 78' lang='grc' dir='ltr'>χειρί</span> <span class='ocrx_word' id='word_1_307' title='bbox 1211 4772 1338 4837; x_wconf 89' lang='grc' dir='ltr'>κίνδυνον</span> <span class='ocrx_word' id='word_1_308' title='bbox 1373 4774 1497 4859; x_wconf 77' lang='grc' dir='ltr'>φέροντα</span> <span class='ocrx_word' id='word_1_309' title='bbox 1531 4777 1591 4845; x_wconf 82' lang='grc' dir='ltr'>τοῖς</span> 
     </span>
     <span class='ocr_line' id='line_1_39' title="bbox 136 4876 1591 4964; baseline -0.001 -23"><span class='ocrx_word' id='word_1_310' title='bbox 136 4881 304 4942; x_wconf 83' lang='grc' dir='ltr'>δικτυεῶσιν.</span> <span class='ocrx_word' id='word_1_311' title='bbox 345 4877 602 4964; x_wconf 84' lang='grc' dir='ltr'>Ἡρακλείδης</span> <span class='ocrx_word' id='word_1_312' title='bbox 626 4880 657 4942; x_wconf 80' lang='grc' dir='ltr'>δέ</span> <span class='ocrx_word' id='word_1_313' title='bbox 681 4904 752 4964; x_wconf 78' lang='grc' dir='ltr'>φησι</span> <span class='ocrx_word' id='word_1_314' title='bbox 776 4877 840 4941; x_wconf 87' lang='grc' dir='ltr'>κατ’</span> <span class='ocrx_word' id='word_1_315' title='bbox 857 4876 944 4941; x_wconf 76' lang='grc' dir='ltr'>αὐτόν</span> <span class='ocrx_word' id='word_1_316' title='bbox 973 4876 1109 4961; x_wconf 71' lang='grc' dir='ltr'>γενέσθαι</span> <span class='ocrx_word' id='word_1_317' title='bbox 1139 4878 1171 4940; x_wconf 83' lang='grc' dir='ltr'>τὸ</span> <span class='ocrx_word' id='word_1_318' title='bbox 1203 4878 1298 4951; x_wconf 86' lang='grc' dir='ltr'>πάθος</span> <span class='ocrx_word' id='word_1_319' title='bbox 1327 4877 1447 4964; x_wconf 84' lang='grc' dir='ltr'>νόκτωρ,</span> <span class='ocrx_word' id='word_1_320' title='bbox 1478 4877 1591 4941; x_wconf 85' lang='grc' dir='ltr'>δώδεκα</span> 
     </span>
     <span class='ocr_line' id='line_1_40' title="bbox 136 4980 1592 5071; baseline -0.001 -25"><span class='ocrx_word' id='word_1_321' title='bbox 136 4980 271 5055; x_wconf 90' lang='grc' dir='ltr'>σταδίους</span> <span class='ocrx_word' id='word_1_322' title='bbox 293 4981 448 5071; x_wconf 82' lang='grc' dir='ltr'>διεχοόσης</span> <span class='ocrx_word' id='word_1_323' title='bbox 470 4989 521 5067; x_wconf 78' lang='grc' dir='ltr'>τῆς</span> <span class='ocrx_word' id='word_1_324' title='bbox 543 4982 657 5055; x_wconf 86' lang='grc' dir='ltr'>πόλεως</span> <span class='ocrx_word' id='word_1_325' title='bbox 681 4981 739 5046; x_wconf 85' lang='grc' dir='ltr'>ἀπὸ</span> <span class='ocrx_word' id='word_1_326' title='bbox 765 4981 920 5066; x_wconf 84' lang='grc' dir='ltr'>θαλάττης,</span> <span class='ocrx_word' id='word_1_327' title='bbox 944 4980 992 5045; x_wconf 87' lang='grc' dir='ltr'>καί</span> <span class='ocrx_word' id='word_1_328' title='bbox 1015 4980 1117 5045; x_wconf 87' lang='grc' dir='ltr'>τοότου</span> <span class='ocrx_word' id='word_1_329' title='bbox 1140 4988 1191 5045; x_wconf 78' lang='grc' dir='ltr'>τοῦ</span> <span class='ocrx_word' id='word_1_330' title='bbox 1213 4980 1325 5069; x_wconf 85' lang='grc' dir='ltr'>χωρίου</span> <span class='ocrx_word' id='word_1_331' title='bbox 1348 4983 1452 5054; x_wconf 82' lang='grc' dir='ltr'>παντὸς</span> <span class='ocrx_word' id='word_1_332' title='bbox 1483 4983 1533 5046; x_wconf 83' lang='grc' dir='ltr'>σάν</span> <span class='ocrx_word' id='word_1_333' title='bbox 1555 4987 1592 5067; x_wconf 75' lang='grc' dir='ltr'>τῇ</span> 
     </span>
    </p>
   </div>
   <div class='ocr_carea' id='block_1_10' title="bbox 0 0 1790 5574">
    <p class='ocr_par' dir='ltr' id='par_1_14' title="bbox 0 0 1790 5574">
     <span class='ocr_line' id='line_1_41' title="bbox 0 0 1790 5574; baseline 0 1"><span class='ocrx_word' id='word_1_334' title='bbox 0 0 1790 5574; x_wconf 95' lang='lat' dir='ltr'> </span> 
     </span>
    </p>
   </div>
  </div>
 </body>
</html>
