3570 5574
782 457 820 521 81

76 659 320 745 κολυυιλήσνς
355 658 511 743 πεποίηται
544 659 595 742 τὴν
630 662 721 732 δεῖξιν.
778 661 984 744 Fragmenti
1024 661 1138 730 nostri
1179 656 1374 745 particulas
1406 658 1528 728 aetb

78 764 277 835 Heraclidis
314 788 391 835 osse
426 772 521 835 totas
546 762 795 834 demonstrant
825 768 1009 834 interiecta
1036 763 1100 834 illa
1122 763 1210 848 λέγει,
1234 762 1307 848 ἔφης
1343 784 1422 831 eum
1458 783 1531 833 non

78 870 264 956 probabile
299 875 347 940 sit
381 877 518 958 praeter
552 867 776 938 Heraclidem
809 872 914 937 etiam
945 868 1178 938 Plutarchum
1202 866 1260 937 vel
1283 865 1530 937 Alexandrum

78 974 346 1060 Polyhistorem
381 975 494 1046 fastos
530 973 719 1061 Sicyonios
754 976 967 1061 inspexisse,
997 976 1104 1042 etiarn
1128 974 1153 1042 h
1176 972 1375 1043 Heraclidis
1400 980 1464 1052 est,
1498 979 1533 1040 et

77 1083 108 1148 si
132 1079 239 1149 iidem
263 1080 346 1148 fasti
379 1079 638 1165 significantur,
674 1084 822 1149 otiamo
846 1087 881 1148 et
901 1102 926 1165 g·
949 1076 1194 1165 (ἀναγέγραπται).
1248 1078 1409 1148 Glaucus
1432 1077 1530 1148 Rhe-

78 1187 185 1268 ginus
210 1206 315 1272 quem
332 1183 578 1271 Apollodorus
603 1184 698 1271 apud
722 1185 920 1270 Diogenem
946 1185 1129 1254 Laertium
1152 1185 1209 1254 bis
1232 1183 1369 1264 laudat,
1386 1182 1473 1253 VIH
1490 1188 1532 1252 52

79 1299 113 1358 et
136 1289 190 1357 IX
213 1295 265 1369 38,
289 1290 352 1359 ubi
376 1311 455 1359 eum
481 1290 675 1359 Democriti
699 1289 884 1376 aequalem
908 1290 1019 1359 luisse
1042 1288 1161 1369 tradit,
1193 1292 1321 1357 citatur
1348 1293 1385 1357 in
1418 1291 1530 1376 parti-

82 1394 165 1463 cula
187 1395 210 1474 f,
234 1402 325 1462 certe
349 1395 393 1463 ab
412 1393 618 1474 Heraclide;
643 1417 726 1464 nam
751 1419 779 1467 e.
801 1396 864 1480 ig
887 1394 931 1463 ad
955 1393 1165 1482 particulam
1190 1394 1215 1462 h
1239 1401 1403 1481 spectant
1426 1415 1531 1480 quam

80 1497 280 1569 Heraclidis
305 1520 382 1567 esse
406 1498 573 1569 vidimus.
613 1500 710 1570 Idem
734 1499 892 1569 Glaucus
916 1503 1046 1569 citatur
1069 1503 1106 1569 in
1129 1500 1306 1587 particula
1329 1520 1357 1579 c,
1382 1499 1403 1568 d
1428 1503 1533 1585 (παρα-

79 1603 209 1685 δίδοται),
234 1604 255 1684 f,
280 1607 292 1671 i
316 1603 416 1683 med,
453 1607 583 1691 quibus
619 1607 786 1676 omnibus
815 1604 904 1674 locis
937 1605 979 1674 de
1011 1604 1229 1674 Archilocho
1259 1608 1386 1689 agitur,
1410 1605 1422 1671 i
1446 1611 1531 1672 extr.

83 1710 226 1778 Praeter
249 1707 439 1794 Sicyonios
465 1709 575 1780 fastos
600 1709 807 1781 Heraclides
831 1710 1110 1779 Panathenaicis
1135 1731 1223 1779 usus
1247 1717 1302 1778 est
1326 1711 1390 1794 (g).

184 1814 312 1882 Restat
335 1824 375 1881 ut
398 1813 440 1882 de
464 1815 650 1885 Plutarchi
675 1814 928 1884 additamentis
959 1837 1074 1902 pauca
1097 1814 1235 1884 addam.
1294 1816 1347 1883 Ac
1377 1817 1532 1901 primum

82 1919 224 2004 quidem
262 1940 304 1986 cx
341 1918 547 1990 Alexandro
582 1919 811 2007 Polyhistore
846 1924 1013 1990 nuntium
1048 1919 1091 1988 de
1126 1919 1282 2008 Olympo
1318 1927 1353 1987 et
1388 1918 1534 2005 Marsya

84 2027 198 2092 textui
222 2022 430 2093 Heraclideo
455 2025 593 2094 infersit-
615 2032 681 2093 ier:
718 2047 750 2112 p.
776 2030 850 2102 491,
877 2030 915 2093 18
936 2023 1120 2110 Ἀλέξανδρος
1143 2024 1172 2088 δ’
1188 2028 1218 2088 ἐν
1241 2030 1277 2110 τῇ
1301 2029 1455 2109 συναγωγῇ
1477 2029 1534 2086 τῶν

81 2125 145 2213 περί
169 2126 298 2214 Φρυγίας
321 2128 469 2214 κρούματα
488 2125 638 2214 Ὄλυμπον
662 2128 719 2213 ἔφη
743 2134 853 2214 πρῶτον
878 2130 917 2201 εἰς
940 2129 1005 2201 τοδς
1020 2127 1171 2213 Ἕλληνας
1194 2127 1322 2214 κομίσαι,
1349 2126 1391 2192 ἔτι
1413 2127 1446 2192 δὲ
1468 2128 1534 2200 τούς

79 2231 202 2304 Ἰδαίους
227 2232 392 2305 δακτύλους.
438 2256 469 2321 p.
496 2240 570 2313 493,
594 2240 635 2302 23
659 2228 740 2306 οὗτος
763 2234 818 2319 γὰρ
843 2234 928 2314 (scil.
948 2229 1107 2318 Ὄλυμπος)
1132 2234 1251 2298 παιδικὰ
1275 2232 1427 2318 γενόμενος
1451 2233 1534 2318 Μαρ-

82 2337 152 2402 σύου
175 2335 224 2400 καί
248 2337 304 2421 την·
321 2333 442 2421 αὔλησιν
466 2340 570 2423 μαθὼν
593 2337 663 2423 παρ’
680 2337 771 2403 αύτοδ
793 2339 858 2410 τοδς
881 2337 985 2422 νόμους
1008 2339 1073 2411 τούς
1104 2337 1276 2424 ἁρμονικοὺς
1309 2337 1458 2422 ἐξήνεγκεν
1494 2337 1534 2409 είς

81 2444 132 2525 την
151 2441 295 2516 Ἑλλάδα,
319 2443 360 2515 οἷς
383 2449 431 2507 νῦν
454 2449 582 2530 χρῶνται
605 2444 631 2506 οἱ
648 2440 794 2527 ’Ἓλληνες
817 2446 847 2506 ὲν
870 2446 931 2515 ταῖς
956 2445 1067 2528 ἑορταῖς
1090 2449 1147 2507 τών
1172 2445 1256 2507 θεῶν.
1301 2467 1333 2530 p.
1351 2448 1461 2518 4947
1486 2442 1535 2506 τὸν

82 2547 115 2611 δὲ
140 2547 283 2633 Μαρσύαν
307 2546 378 2633 φασί
401 2573 473 2621 τινες
498 2548 622 2631 Μάσσην
652 2551 821 2613 καλεῖσθαι·
845 2548 872 2610 oi.
895 2546 923 2612 δ’
938 2543 1000 2625 oda,
1023 2547 1100 2612 ἀλλὰ
1126 2547 1284 2633 Μαρσύαν·
1308 2546 1382 2611 εἶναι
1404 2545 1433 2610 δ’
1448 2544 1534 2611 αὐτὸν

78 2651 232 2735 ’λ’ύγνιδος
255 2652 315 2715 otta
338 2659 389 2716 τοῦ
411 2652 523 2739 πρώτου
548 2652 678 2739 εὑρόντος
701 2654 752 2737 την
781 2651 939 2737 αὐλητικὴν
969 2653 1081 2740 τέχνην.
1139 2652 1318 2722 Omnibus
1353 2653 1409 2721 his
1444 2651 1532 2720 lotis

86 2759 257 2827 orationis
283 2760 555 2827 continuitatem
579 2757 677 2828 haud
701 2756 922 2826 mediocriter
945 2761 1154 2845 interrumpi
1177 2757 1280 2825 facile
1296 2757 1364 2826 tibi
1386 2776 1534 2842 persua-

84 2863 194 2932 debis.
231 2862 353 2949 Neque
376 2861 479 2932 aliter
502 2862 678 2932 iudicabis
703 2862 745 2931 de
769 2861 858 2932 locis
880 2885 912 2949 p.
931 2868 1004 2942 496,
1022 2866 1139 2943 2-10,
1164 2863 1237 2942 ubi,
1261 2881 1341 2930 cum
1364 2859 1401 2929 id
1422 2882 1535 2929 unum

84 2975 273 3054 quaeratur
296 2966 487 3037 fecerintne
520 2967 765 3045 Xenodamus
795 2966 975 3046 Thaletas,
1010 2967 1227 3037 Xenocritus
1262 2986 1427 3053 paeaneS,
1461 2985 1535 3033 non

82 3072 201 3142 solum
243 3072 502 3159 Polymnastus
539 3110 579 3118 -·
613 3072 818 3151 laudantur,
856 3093 876 3140 a
910 3071 1104 3141 Plutarcho
1147 3081 1186 3141 ut
1228 3070 1385 3140 vidimus
1419 3091 1451 3157 p.
1483 3074 1535 3149 il,

83 3177 281 3247 harmoniai
309 3216 347 3222 —
370 3177 462 3247 male
498 3175 641 3246 additur
676 3176 737 3245 sed
773 3179 878 3245 etiam
916 3198 992 3245 esse
1028 3175 1218 3245 discrimen
1256 3179 1348 3244 inter
1381 3194 1535 3261 paeanes

82 3291 117 3351 et
155 3281 437 3369 hyporchemata
474 3281 621 3350 Pindari
659 3284 877 3351 carminibus
928 3285 1046 3370 inepte
1091 3281 1278 3369 probatum
1321 3287 1356 3348 et
1391 3300 1424 3366 p.
1460 3283 1536 3355 490,

83 3390 257 3467 20-491,
282 3393 312 3467 4,
344 3388 407 3456 ubi
437 3389 654 3456 enumeratio
684 3408 872 3455 nemorum
901 3386 1046 3460 Clonae,
1069 3385 1308 3473 Polymnasti,
1331 3380 1535 3469 Terpandri,

82 3494 228 3578 insuper
261 3490 353 3560 falsa
387 3530 426 3537 —
462 3495 589 3561 rectior
614 3490 748 3560 Pollux
775 3490 825 3559 IV
854 3497 904 3559 64.
934 3497 977 3559 65
1004 3491 1044 3559 ef.
1070 3489 1234 3577 Westph.
1261 3510 1294 3576 p.
1324 3492 1467 3557 73—74
1494 3523 1537 3532 -

83 3619 215 3666 nexum
240 3600 495 3666 sententiarum
520 3598 650 3665 turbat.
699 3596 861 3683 Denique
886 3595 928 3664 de
954 3619 1019 3666 suo
1045 3594 1262 3664 Plutarchus
1286 3596 1535 3662 transitionem

82 3700 183 3770 illam
222 3704 270 3790 tp.
296 3709 370 3782 493,
397 3708 561 3785 tir-it)
609 3700 708 3770 addit
753 3724 833 3770 cum
877 3704 989 3770 totius
1029 3703 1201 3770 orationis
1240 3697 1477 3785 dispositione
1516 3719 1537 3764 a

84 3806 278 3892 Plutarcho
303 3810 381 3895 ipso
407 3807 563 3876 indicata
585 3814 815 3893 pugnantem.

190 3912 224 3978 A
246 3911 362 3982 modis
387 3911 498 3993 (τόνοις)
523 3911 651 3980 Dorico
677 3910 836 3996 Phrygio
861 3908 978 3996 Lydio
1005 3908 1059 3984 (ir.
1078 3914 1120 3978 83
1136 3908 1177 3989 h)
1202 3906 1408 3988 Heraclides
1434 3912 1537 3975 acute

84 4018 240 4101 seiungit
264 4017 468 4085 harmonias
487 4016 652 4086 Doricam
670 4014 833 4084 Aeoliam
858 4014 1026 4095 ionicam,
1051 4035 1123 4082 non
1149 4013 1314 4080 Doricam
1340 4011 1536 4097 Phrygiam

83 4120 247 4206 Lydiam,
272 4123 310 4189 in
333 4120 530 4206 fragmento
554 4118 751 4207 perillustri
774 4126 914 4188 servato
940 4118 1036 4205 apud
1060 4118 1298 4187 Athenaeum.

288 4415 418 4486 Athen.
444 4412 531 4484 XIV
555 4419 619 4485 ear
632 4437 664 4483 c:
800 4327 829 4390 F'

181 4536 433 4626 Ἡρακλείδης
456 4536 485 4601 δ’
507 4536 523 4601 δ
547 4537 731 4609 Ποντικὸς
762 4538 799 4601 ἐν
829 4534 942 4623 τρίτῳ
969 4532 1055 4622 περὶ
1083 4534 1283 4619 Μουσικῆς
1313 4529 1377 4598 οὐδ’
1399 4528 1539 4618 ἁρμονίαν
1558 4540 1608 4614 84

81 4642 153 4734 φησί
177 4647 236 4710 δεῖν
259 4646 414 4709 καλεῖσθαι
442 4643 493 4728 τὴν
523 4641 658 4729 Φρύγιον,
690 4641 826 4727 καθάπερ
860 4640 928 4705 οὐδὲ
963 4641 1013 4705 τίν
1045 4639 1158 4704 Λύδιον.
1205 4635 1344 4723 ἁρμονίας
1377 4637 1432 4724 γὰρ
1467 4635 1541 4702 εἶναι
1570 4676 1592 4722 a

81 4753 170 4837 τρεῖς·
204 4747 269 4836 τρία
303 4750 358 4835 γὰρ
393 4746 442 4813 καὶ
476 4749 613 4834 γενέσθαι
631 4746 786 4832 Ἑλλήνων
817 4747 895 4832 γένη,
927 4748 1047 4833 Δωριεῖς
1078 4745 1192 4816 Αἰολεῖς
1200 4740 1324 4822 ,Ἴωνας
1369 4741 1403 4807 ού
1435 4748 1538 4829 μικροῖς

82 4850 133 4919 οὖν
156 4848 244 4938 οὔσης
267 4857 410 4940 διαφορᾶς
433 4856 463 4917 ἐν
486 4855 543 4925 τοῖς
567 4851 675 4917 τούτων
699 4846 809 4936 ἤθεσιν,
845 4848 1071 4935 Λακεδαιμόνιοι
1106 4848 1157 4934 μὲν
1193 4848 1320 4934 μάλιστα
1355 4853 1412 4912 τῶν
1440 4843 1538 4912 ἄλλων

82 4961 221 5040 Δωριέων
243 4960 279 5023 τοὶ
303 4958 410 5044 πάτρια
433 4957 668 5045 διαφυλάττουσι,
693 4953 838 5021 Θεσσαλοὶ
861 4954 893 5019 δὲ
917 4992 959 5001 -
982 4950 1061 5020 οὗτοι
1083 4953 1141 5040 γάρ
1166 4954 1235 5018 εἰσιν
1259 4952 1285 5016 οἱ
1310 4951 1399 5033 (add.
1418 4951 1537 5032 Kaib.)

78 5065 130 5150 τὴν
153 5063 248 5152 ἀρχὴν
271 5063 443 5148 τοῦγένους
467 5062 605 5128 Αἰολεῦσι
629 5059 866 5149 μεταδόντες-
889 5058 1094 5147 παραπλήσιον
1126 5055 1184 5122 αἰεὶ
1215 5061 1363 5122 ποιοῦνται
1393 5062 1445 5122 τοῦ
1473 5054 1537 5144 βίου

1314 5200 1329 5257 7
