3570 5574
902 1425 945 1494 11.

612 1634 681 1743 De
718 1631 995 1743 Heraclidis
1031 1633 1241 1768 scriptis.

305 1894 347 1962 In
371 1897 446 1962 vita
462 1893 688 1979 Diogeniana
709 1894 817 1979 longe
832 1895 1038 1978 gravissimi
1059 1901 1147 1961 sunt
1169 1897 1342 1963 momenti
1368 1915 1458 1981 quae
1482 1893 1525 1964 de
1543 1893 1656 1964 Hera-

203 1996 307 2067 clidis
332 2000 474 2085 scriptis
498 2001 704 2086 rationeque
728 1994 907 2068 scribendi
931 2001 1177 2082 comperimus,
1214 1997 1343 2083 Φέρεται
1362 1997 1390 2062 δ’
1406 1995 1496 2063 αὐτοῦ
1513 2000 1658 2085 συγγράμ-

201 2126 278 2186 ματα
302 2101 442 2165 κάλλιστά
465 2126 496 2165 τε
527 2100 576 2165 καὶ
607 2096 709 2187 ἄριστα
740 2101 870 2184 διάλογοι
901 2095 941 2162 ὧν
969 2099 1060 2184 ἠθικὰ
1084 2099 1136 2184 μὲν
1159 2105 1236 2169 aab:
1273 2105 1434 2189 sequitur
1469 2102 1656 2190 catalogus

201 2203 262 2273 ille
285 2209 379 2274 curis
403 2210 559 2276 virerum
584 2205 769 2277 doctorum
801 2207 1065 2275 vexatissimus.
1123 2204 1219 2273 Haec
1252 2205 1423 2289 Diogenis
1455 2207 1565 2277 verba
1595 2206 1657 2278 alii

201 2308 312 2378 alium
336 2313 373 2378 in
407 2309 553 2380 modum
589 2313 810 2398 interpretati
842 2319 936 2379 sunt.
994 2307 1117 2393 Unger
1140 2307 1225 2385 (Hh.
1252 2311 1298 2377 M.
1324 2315 1365 2379 38
1389 2332 1420 2397 p.
1447 2317 1526 2389 491)
1552 2321 1659 2399 putat

203 2411 335 2497 διάλογοι
358 2413 599 2502 parenthetice
623 2413 785 2483 additum
810 2437 898 2493 esse,
930 2423 969 2482 ut
992 2413 1189 2501 explicetur
1213 2435 1303 2501 qnae
1327 2417 1402 2483 sint
1424 2413 1489 2483 illa
1511 2417 1658 2502 συγγράμ-

204 2541 281 2600 ματα
306 2515 447 2582 κάλλιστά
462 2543 494 2582 τε
509 2516 558 2583 καὶ
583 2515 685 2605 elpram
711 2519 913 2607 qualiaque,
937 2516 1136 2604 ductusque
1160 2518 1228 2587 hac
1252 2521 1429 2586 sententia
1452 2519 1657 2607 catalogum

201 2624 440 2708 primigenum
465 2623 563 2693 solos
586 2622 749 2707 dialogos
767 2625 988 2692 continuisse
1005 2621 1077 2691 sibi
1099 2620 1291 2708 persuadet
1307 2643 1458 2709 eumque
1474 2628 1659 2696 restituere

202 2732 360 2795 conatur.
405 2727 541 2797 eontra
556 2728 598 2796 R.
616 2727 737 2798 Hirzel
756 2726 1151 2813 (DerDialong.322,
1167 2732 1199 2806 1)
1217 2725 1357 2810 διάλογοι,
1382 2726 1477 2812 quod
1502 2749 1522 2796 a
1547 2733 1659 2799 totius

202 2832 379 2899 enuntiati
404 2840 580 2900 structura
609 2831 716 2920 plane
747 2832 903 2901 alienum
928 2834 987 2909 sit,
1016 2852 1033 2897 e
1057 2839 1156 2899 textu
1188 2829 1386 2899 eiciendum
1419 2853 1497 2900 esse
1526 2844 1659 2912 censet,

202 2932 240 3002 id
264 2934 359 3021 quod
385 2939 500 3021 magis
524 2939 629 3005 etiarn
663 2937 833 3023 probetur
864 2936 970 3005 nobis
1002 2933 1370 3004 animadvertentibus
1405 2937 1516 3006 rerba
1549 2937 1660 3002 τούτων

201 3039 236 3102 τά
261 3037 314 3123 μὲν
336 3045 471 3125 κωμικῶς
495 3039 642 3103 πέπλακεν
664 3044 723 3103 κτλ.
748 3048 822 3109 arte
845 3061 925 3109 cum
950 3043 1083 3110 nostris
1108 3060 1185 3108 esse
1215 3042 1414 3108 coniuncta.
1473 3040 1660 3128 Dialogos,

203 3164 273 3230 quo
303 3147 341 3212 in
371 3166 499 3229 genere
533 3142 856 3214 excellentissimus
888 3143 991 3215 facile
1022 3143 1186 3213 Platonis
1219 3141 1419 3230 discipulus
1451 3143 1660 3217 Heraclides

203 3269 382 3318 summam
407 3251 476 3319 sibi
499 3247 645 3317 laudam
672 3259 707 3318 et
730 3248 1003 3319 admirationem
1027 3250 1259 3336 comparavit,
1283 3269 1355 3317 non
1380 3255 1661 3330 commemorari,

205 3355 346 3422 etiamsi
376 3351 630 3433 desideramus
660 3392 694 3398 -
720 3353 851 3438 διάλογοι
882 3354 1099 3440 glossemate
1133 3352 1259 3422 limato
1294 3360 1413 3422 tamen
1449 3352 1661 3440 συγγράμματα

203 3454 267 3526 illa
290 3460 464 3544 imprimis
489 3457 688 3527 Heraclidis
712 3457 847 3544 dialogi
870 3455 1096 3543 intelligendi
1121 3467 1205 3526 sunt
1231 3495 1281 3534 --,
1315 3456 1396 3527 ferri
1418 3464 1557 3545 potest;
1587 3481 1660 3529 non

203 3561 283 3630 ferri
317 3569 437 3647 potest
470 3562 671 3647 tautologia
706 3562 770 3631 illa
803 3562 944 3627 κάλλιστά
979 3587 1011 3626 τε
1046 3560 1094 3626 καὶ
1129 3559 1240 3648 ἄριστοι,
1271 3583 1315 3630 ne
1347 3562 1442 3649 apud
1474 3563 1661 3633 Laertium

204 3664 346 3753 quidem
371 3664 579 3737 tolerabilis.
620 3666 726 3737 Viam
750 3670 889 3737 munire
913 3667 957 3736 ad
981 3671 1173 3751 genuinam
1197 3666 1388 3763 lectionem
1412 3668 1502 3737 mihi
1519 3668 1664 3738 videtur

204 3769 300 3857 quod
324 3769 434 3839 tradit
457 3769 568 3841 codex
585 3772 810 3843 Burbonicus
829 3774 951 3853 (ceteri
973 3794 1097 3842 omnes
1120 3766 1309 3869 lectionem
1334 3773 1533 3843 editionum
1558 3795 1661 3860 prae-

203 3874 285 3944 bere
309 3873 509 3957 ridentur):
534 3874 676 3939 adureret
699 3873 794 3939 τεκαὶ
811 3872 1022 3962 ιάτεάριοκκ.
1069 3874 1107 3944 Si
1132 3878 1212 3963 quis
1237 3879 1410 3946 memoria
1435 3884 1530 3945 tenet
1554 3898 1662 3966 saepe

205 3977 301 4066 apud
324 3978 521 4064 Diogenem
546 3980 730 4049 Laertium
755 3983 857 4049 initio
882 3980 1137 4066 catalogorum,
1171 3987 1212 4048 ut
1242 3977 1417 4049 librorum
1441 3980 1663 4059 Aristotelis,

204 4081 408 4170 Speusippi,
431 4083 654 4164 Xenocratis,
679 4083 928 4171 Theophrasti,
953 4084 1124 4154 Demetrii
1148 4082 1323 4161 Phalerei,
1358 4083 1401 4153 de
1424 4083 1662 4155 multitudine

203 4185 377 4256 librorum
401 4189 509 4257 verba
538 4188 625 4264 fieri,
657 4211 729 4259 non
761 4188 984 4258 audaciorem
1018 4211 1074 4257 me
1103 4187 1278 4258 iudicabit
1310 4189 1419 4257 rerba
1448 4186 1583 4258 tradita
1613 4193 1664 4258 sie

203 4294 462 4361 restituentem:
487 4293 615 4378 Φέρεται
645 4291 673 4356 δ’
689 4291 779 4357 αὐτοῦ
811 4291 1019 4379 συγγράμματα
1052 4291 1193 4357 κάλλιστά
1224 4316 1257 4355 τε
1287 4289 1336 4355 καὶ
1364 4294 1537 4373 (alsium)
1567 4293 1604 4356 roi
1634 4317 1665 4357 τε

204 4391 307 4482 ἄριστα
331 4395 469 4481 διάλογοι.
486 4397 507 4475 ¹)
553 4397 622 4467 Pro
654 4422 685 4462 τε
715 4401 843 4467 rectius
872 4396 1047 4483 legeretur
1068 4397 1103 4461 τὰ
1128 4395 1161 4460 δὲ
1184 4393 1304 4481 eptam
1341 4394 1404 4465 sed
1441 4395 1536 4483 apud
1575 4397 1663 4469 Dio·

203 4520 327 4584 genem
353 4498 444 4568 illud
467 4524 499 4563 τε
522 4499 614 4570 nihil
637 4503 749 4572 habet
774 4501 984 4573 offensionis
1009 4505 1140 4589 quippe
1165 4503 1226 4587 qui
1251 4498 1349 4568 hand
1373 4521 1451 4570 raro
1475 4503 1665 4571 rescribat

205 4606 267 4674 ubi
290 4603 322 4669 δὲ
346 4613 605 4690 exspectamus,
634 4610 727 4676 sicut
756 4610 793 4675 in
818 4605 1018 4675 Heraclidis
1043 4608 1117 4675 vita
1139 4610 1202 4674 86:
1237 4603 1329 4689 πρᾶός
1360 4603 1387 4668 τ’
1413 4599 1448 4688 ἧν
1479 4605 1566 4685 (etsi
1597 4604 1666 4675 boc

205 4708 283 4778 loeo
301 4709 390 4777 torte
406 4731 436 4771 τε
505 4705 553 4771 καὶ
578 4708 855 4796 intelligendum
880 4713 960 4788 est),
985 4714 1045 4778 92:
1071 4709 1253 4794 Χαμαιλέων
1269 4732 1309 4772 τε.
1347 4708 1517 4776 Lectione
1540 4718 1667 4779 nostra

203 4813 356 4900 probata
379 4810 574 4882 difficultas
599 4812 664 4883 illa
687 4838 705 4882 e
729 4813 845 4882 medio
871 4811 1015 4882 sublata
1037 4821 1092 4881 est
1115 4834 1223 4900 quam
1248 4819 1439 4882 moverunt
1462 4815 1531 4881 viri
1557 4812 1666 4895 docti,

312 5038 329 5100 ¹)
347 5040 385 5092 cf.
406 5037 487 5094 Βαλᾶ.
508 5054 528 5095 s.
550 5053 576 5095 λ’.
593 5033 719 5111 Ἡρακλ.;
741 5040 835 5112 (γράψε
855 5031 945 5090 πολλά.
