3570 5574
943 422 984 488 82

245 624 297 711 τὴν
319 622 452 713 ἀγωγήν·
472 623 578 691 Ἰώνων
601 624 633 690 δὲ
656 626 688 691 τὸ
711 628 785 693 πολὺ
808 629 921 713 πλῆθος
945 627 1034 710 (scil.
1059 636 1197 716 praeter
1219 625 1381 699 Milesios
1406 649 1541 708 οιωιιεε,
1573 637 1613 698 ut
1638 625 1705 698 ad-

246 738 349 800 notat
371 730 489 812 Kaib.)
512 729 672 814 ἠλλοίωται
695 733 743 797 διὰ
766 732 799 797 τδ
823 733 1089 819 συμπεριφέρεσθαι
1112 735 1169 805 τοῖς
1193 731 1250 797 αἰεὶ
1274 731 1493 796 δυναστεύουσιν
1523 731 1621 805 αὑτοῖς
1646 739 1707 796 τῶν

245 834 408 922 βαρβάρων.
452 835 504 920 τὴν
526 831 577 900 οὑν
600 834 718 921 ἀγωγην
740 841 791 921 τῆς
814 835 960 923 μελωδίας
987 833 1022 922 ἣν
1052 838 1079 902 οἰ
1110 839 1231 923 Δωριεῖς
1262 839 1410 901 ἐποιοῦντο
1441 837 1549 924 Δώριον
1578 837 1706 902 ἐκάλουν

247 938 402 1028 ἁρμονίαν·
426 940 550 1005 ἐκάλουν
573 939 605 1005 δέ
628 939 677 1005 καί
702 939 825 1007 Αἰολίδα
849 940 989 1028 ἁρμονίαν
1012 938 1047 1027 ἣν
1071 942 1186 1014 Αἰολεῖς
1217 937 1302 1027 ᾖδον·
1334 939 1424 1006 ’ἰαστί
1458 941 1490 1006 δέ
1522 942 1574 1027 τήν
1607 941 1707 1030 τρίτην

247 1044 375 1132 ἔφασκον
398 1041 433 1131 ἣν
456 1040 562 1130 ἤκουον
585 1043 714 1130 ᾀδόντων
736 1053 793 1110 τών
814 1045 926 1111 Ἰώνων.
971 1045 990 1130 ἡ
1028 1045 1079 1131 μέν
1113 1041 1164 1111 οὑν
1194 1045 1302 1132 Δώριος
1337 1045 1461 1132 ἁρμονία
1494 1047 1527 1111 τὸ
1561 1047 1709 1134 ἀνδρῶδες

252 1149 386 1237 ἐμφαίνει
409 1148 458 1215 καί
481 1150 513 1214 τδ
538 1150 757 1237 μεγαλοπρεπές
779 1148 829 1215 καί
852 1149 887 1216 οὑ
910 1151 1120 1238 διακεχυμένον
1143 1149 1208 1216 οὐδ’
1224 1149 1331 1236 ἱλαρόν,
1356 1149 1432 1215 άλλὰ
1456 1155 1631 1239 σκυθρωπὸν
1655 1151 1708 1218 καί

252 1254 385 1342 σφοδρόν,
408 1250 477 1320 οὔτε
500 1254 533 1319 δὲ
556 1252 686 1320 ποικίλον
709 1250 776 1320 οότε
798 1255 985 1343 πολώτροπον·
1019 1256 1051 1320 τδ
1075 1254 1107 1320 δέ
1130 1261 1187 1319 τῶν
1204 1255 1336 1321 Αἰολέων
1358 1250 1432 1340 ἦθος
1456 1256 1520 1345 ἔχει
1542 1258 1574 1321 τδ
1597 1264 1708 1344 γαῦρον

248 1357 297 1425 καί
319 1359 453 1446 ὀγκῶδες,
477 1360 573 1425 ἔτιδὲ
596 1360 774 1449 ὑπόχαυνον·
798 1360 937 1447 ὁμολογεῖ
957 1360 990 1426 δέ
1013 1367 1104 1426 ταῦτα
1127 1363 1188 1435 ταῖς
1212 1360 1414 1448 ἱπποτροφίαις
1438 1360 1534 1426 αὑτῶν
1557 1361 1605 1426 καί
1629 1368 1709 1437 ξενο-

249 1464 376 1552 δοχίαις·
410 1463 445 1529 οὑ
479 1472 639 1552 πανοῦργον
673 1466 714 1545 δέ,
750 1465 826 1531 άλλὰ
862 1467 1015 1553 ἐξηρμένον
1050 1467 1236 1552 (ἐξηρτημένον
1268 1467 1349 1535 AE:
1379 1487 1463 1536 corr.
1490 1467 1625 1552 Dalec.)
1656 1467 1707 1533 καὶ

248 1569 436 1656 τεθαρρηκός.
481 1570 526 1634 διδ
549 1569 599 1634 καί
622 1570 727 1635 οἰκεῖόν
750 1570 810 1636 ἐστ’
827 1569 923 1644 αὐτοῖς
946 1570 965 1655 ἡ
989 1569 1145 1658 φιλοποσία
1178 1569 1227 1634 καί
1257 1571 1292 1634 τοί
1327 1571 1451 1657 ἐρωτικοί
1487 1569 1536 1635 καί
1569 1578 1652 1637 πᾶσα
1687 1573 1708 1657 ἡ

249 1671 314 1760 περὶ
337 1674 388 1759 τὴν
412 1672 524 1739 δίαιταν
547 1670 651 1749 ἄνεσις.
696 1675 797 1763 διόπερ
821 1675 922 1764 ἔχουσι
953 1676 1007 1757 (διδ
1038 1675 1207 1763 περιέχουσι
1231 1676 1312 1745 AE:
1345 1698 1430 1746 corr.
1456 1675 1573 1755 Kaib.)
1597 1677 1630 1740 τὸ
1653 1684 1709 1762 τῆς

250 1777 415 1865 ὑποδωρίου
438 1781 620 1866 καλουμένης
643 1779 780 1866 ἁρμονίας
803 1775 893 1866 ἦθος·
917 1776 991 1864 αὑτη
1014 1779 1069 1866 γάρ
1100 1782 1184 1856 ἐστιν,
1216 1777 1345 1867 φησίνὸ
1366 1779 1640 1866 Ἡρακλείδης,
1672 1778 1710 1866 ἣν

250 1883 374 1948 ἐκάλουν
411 1882 542 1959 Αἰολίδα,
577 1884 615 1958 ὡς
648 1883 697 1950 καί
732 1889 828 1957 Αᾶσος
863 1883 878 1948 ὑ
904 1884 1076 1971 Ἑρμιονεὺς
1110 1887 1204 1971 ἐντῷ
1235 1886 1302 1964 (τοῖς
1327 1885 1370 1965 Α)
1405 1886 1446 1958 εἰς
1474 1886 1525 1970 τὴν
1555 1888 1585 1949 ἐν
1614 1886 1708 1967 (add,

252 1988 564 2076 Schwighaeuser)
584 1989 719 2078 Ἑρμιόνι
742 1990 882 2076 Δήμητρα
898 1986 1004 2076 Ὕμνῳ
1026 1986 1131 2063 οὑτως·

460 2112 602 2200 Δάματρα
625 2113 727 2197 μέλπω
752 2111 852 2199 Κόραν
875 2137 906 2176 τε
930 2110 1087 2198 Κλυμένοι’
1115 2106 1224 2199 άλοχον

461 2218 599 2304 μελιβόαν
623 2215 708 2302 ὑμνον
731 2216 848 2302 οἰνάγων
872 2216 1017 2303 (οἰναγνῶν
1042 2219 1090 2285 A:
1116 2238 1200 2288 corr.
1227 2216 1321 2298 CaS.)

462 2320 576 2387 Αἰολίδ’
591 2320 653 2409 ἅμα
676 2322 858 2409 βαρύβρομον
882 2322 1021 2409 ἁρμονίαν
1045 2320 1110 2403 (αἰνὰ
1134 2343 1197 2410 pro
1224 2317 1286 2407 ἅμα
1310 2324 1397 2390 coni.
1412 2319 1580 2401 Wilam.).

253 2446 345 2508 ταῦτα
368 2442 395 2507 δ’
411 2440 512 2529 ᾄδουσι
542 2444 646 2518 πάντες
670 2444 816 2532 ὑποδώρια
849 2447 895 2530 [τὰ
925 2446 1016 2530 μέλη;
1051 2445 1213 2531 glossam
1237 2443 1303 2512 del.
1328 2443 1457 2525 Kaib.].
1505 2442 1568 2508 ἐπεὶ
1601 2438 1654 2508 οὑν
1678 2445 1712 2508 τδ

254 2548 341 2633 μέλος
364 2546 439 2613 ἐστίν
463 2549 620 2637 ὑποδώριον
646 2551 690 2634 [τὰ
715 2551 805 2636 μέλη;
832 2550 898 2620 del.
924 2549 1104 2634 Oasaub.]‚
1136 2550 1254 2621 εἰκότως
1280 2547 1401 2612 Αἰολίδα
1433 2546 1520 2634 φησίν
1552 2547 1626 2614 εἶναι
1658 2551 1713 2635 τὴν

254 2651 394 2738 ἁρμονίαν
417 2652 432 2716 ὑ
456 2657 560 2727 Λᾶσος.
605 2653 653 2719 καὶ
679 2653 821 2741 Πρατίνας
844 2655 877 2719 δέ
900 2654 956 2719 ποά
979 2679 1065 2741 φησι·

771 2777 844 2863 μήτε
867 2777 999 2843 σόντονον
1023 2775 1064 2841 δί-

513 2906 573 2946 ωκε
596 2881 669 2968 μήτε
692 2882 744 2947 τὰν
768 2881 882 2969 ἀνειμέ-

513 3013 564 3052 ναν
585 2985 675 3052 ’ἰαστί
699 2994 818 3073 μοδσαν,
842 2987 919 3054 άλλὰ
944 2985 1045 3071 (ἰαστίν
1068 2983 1170 3056 οὑσανῑ
1201 3011 1285 3059 corr.
1309 2987 1433 3074 Toup.)

513 3075 565 3139 τὰν
589 3075 680 3160 μέσαν
703 3082 776 3140 νεῶν
800 3072 926 3162 άρουραν

515 3179 626 3253 αἰόλιζε
647 3187 689 3267 τῷ
708 3180 798 3266 μέλει.

255 3301 285 3366 ἐν
308 3299 340 3365 δέ
363 3303 420 3373 τοῖς
444 3301 508 3386 ἑξῆς
531 3302 708 3390 σαφέστερόν
731 3329 819 3390 φησι·

774 3425 878 3513 πρέπει
900 3450 943 3489 τοι

516 3536 603 3595 πᾶσιν
626 3527 713 3595 ἀοιδοί
738 3528 916 3617 λαβράκταις
940 3528 1211 3616 (ἀοιδολαβράκταις
1235 3528 1365 3616 Bergk)

517 3633 615 3708 Αἰολὶς
638 3632 770 3722 ἁρμονία.

303 3755 312 3778 Ι
441 3755 447 3780 ἰ
513 3751 526 3780 5
585 3756 593 3780 ί
637 3756 651 3781 >l
725 3758 735 3794 1
810 3758 818 3780 Ἱ
860 3756 882 3779 lq
962 3753 970 3777 5
997 3756 1005 3776 Ν
1072 3755 1110 3794 ι,Ι
1222 3753 1238 3777 (Ι
1371 3752 1399 3777 ἢ)
1426 3753 1433 3778 (
1510 3752 1519 3773 ¹
1628 3748 1643 3772 θ

256 3781 394 3844 προτερον
417 3781 468 3842 μεν
492 3782 550 3833 ουν,
574 3784 612 3830 ως
636 3782 709 3843 εφην
738 3761 758 3840 ),
783 3757 905 3823 Αιολιοα
935 3781 1024 3840 αυτην
1057 3758 1188 3833 ἐκαλουν,
1219 3780 1339 3842 υστερον
1371 3778 1387 3819 ο
1422 3758 1588 3840 υποδωριον,
1620 3776 1721 3838 ωσπερ

258 3861 329 3927 ἔνιοί
352 3887 447 3949 φασιν,
471 3865 502 3927 ἐν
530 3865 588 3935 τοῖς
620 3861 719 3936 αὑλοῖς
747 3862 890 3950 τετάχθαι
921 3857 1087 3946 νομίσαντες
1124 3858 1213 3945 αὑτὴν
1248 3859 1303 3924 ὑπδ
1340 3859 1390 3944 τὴν
1424 3857 1534 3944 Δώριον
1568 3855 1720 3944 ἁρμονίαν.

258 3965 324 4053 ἐμοὶ
347 3966 380 4032 δέ
402 3971 483 4032 δοκεῖ
504 3965 631 4054 δρῶντας
655 3967 759 4041 αὑτοὺς
781 3968 829 4031 τδν
853 3960 937 4051 όγκον
960 3962 1010 4030 καί
1032 3965 1064 4029 τδ
1088 3964 1271 4051 προςποίημα
1293 3970 1344 4049 τῆς
1366 3961 1587 4048 καλοκάγαθίας
1607 3965 1637 4027 ἐν
1660 3966 1721 4035 τοῖς

258 4079 307 4158 τῆς
331 4071 470 4159 ἁρμονίας
492 4068 579 4158 ἤθεσι
602 4072 711 4158 Δώριον
735 4071 785 4157 μὲν
810 4070 900 4156 αὐτὴν
923 4069 957 4135 οὑ
981 4068 1114 4156 νομίζειν,
1138 4074 1323 4157 προςεμφερῆ
1346 4069 1379 4132 δέ
1394 4094 1456 4141 πως
1480 4066 1591 4152 ἐκείνη·
1615 4066 1720 4152 διόπερ

261 4177 417 4265 ὑποδώριον
441 4177 584 4243 ἐκάλεσαν
615 4177 652 4250 ὡς
675 4178 707 4241 τό
730 4174 924 4262 προςεμφερές
955 4180 996 4261 τῷ
1022 4180 1118 4261 λευκῷ
1143 4173 1303 4239 ὑπόλευκον
1332 4171 1381 4238 καὶ
1412 4173 1443 4237 τὸ
1475 4173 1515 4257 μή
1545 4172 1635 4257 γλυκὺ
1667 4171 1722 4257 μὲν

260 4283 344 4368 ἐγγὺς
367 4282 400 4347 δέ
422 4282 531 4348 τοὺτων
555 4282 676 4367 λέγομεν
700 4280 860 4366 ὑπόγλυκυ·
883 4277 975 4353 οὑτως
999 4276 1047 4343 καί
1072 4278 1231 4365 ὑποδώριον
1257 4279 1289 4342 τδ
1321 4279 1361 4363 μή
1391 4277 1466 4341 πάνυ
1490 4276 1607 4363 Δώριον.
1652 4277 1723 4362 ἑξῆς

260 4386 292 4452 δέ
327 4385 553 4474 ἐπισκεψώμεθα
586 4387 618 4450 τὸ
651 4391 708 4449 τῶν
743 4383 896 4469 Μιλησίων
930 4379 1012 4469 ἦθος,
1048 4378 1063 4447 ὑ
1092 4381 1291 4469 διαφαίνουσιν
1320 4382 1346 4446 οί
1372 4377 1481 4458 Ἴωνες,
1505 4378 1552 4446 ἐπὶ
1575 4379 1637 4453 ταῖς
1660 4387 1723 4444 τῶν

261 4491 405 4577 σωμάτων
421 4489 543 4565 εὐεξίαις
563 4490 785 4578 βρενθυνόμενοι
800 4486 849 4554 καὶ
866 4493 961 4573 θυμοῦ
976 4487 1106 4574 πλήρεις,
1129 4487 1387 4562 δυσκατάλλακτοι,
1411 4486 1570 4573 φιλόνεικοι
1592 4484 1722 4572 (φιλόνι·

261 4622 306 4660 κοι
330 4595 459 4676 Kaib.),
482 4594 566 4660 οὐδέν
589 4595 796 4682 φιλάνθρωπον
819 4593 881 4659 οὐδ’
908 4593 1006 4680 ίλαρδν
1029 4592 1195 4668 ἐνδιδόντες,
1226 4590 1381 4679 ἀστοργίαν
1410 4591 1443 4656 δὲ
1473 4590 1569 4676 (add.
1591 4590 1721 4675 Kaib.)

262 4699 311 4765 καί
335 4701 516 4787 σκληρότητα
540 4703 570 4764 ἐν
592 4703 649 4773 τοῖς
672 4695 774 4785 ἤθεσιν
797 4696 1008 4786 ἐμφανίζοντες.
1043 4697 1144 4783 διόπερ
1164 4695 1233 4762 οὑδὲ
1249 4698 1281 4762 τὺ
1297 4703 1348 4770 τῖς
1368 4693 1459 4761 Ἰαστί
1481 4695 1561 4780 γένος
1576 4692 1722 4780 ἁρμονίας

367 4963 390 5031 ¹)
408 4964 459 5038 ἔφη
478 4963 521 5021 A:
551 4979 623 5021 corr.
641 4960 756 5020 Musur.
801 4957 869 5019 Non
897 4964 943 5018 est
970 4958 1091 5030 signum
1119 4957 1237 5028 dialogi,
1265 4956 1357 5017 immo
1380 4953 1568 5032 ὑπολαμβάνω,
1594 4951 1645 5032 οὐχ
1664 4952 1727 5033 ὁρῶ,

263 5049 383 5126 καθάπερ
402 5052 515 5124 εἴπομεν,
533 5049 596 5111 ίδοιτ
614 5045 637 5103 δ’
651 5044 681 5103 άν
699 5051 874 5108 monstrant
892 5045 1144 5107 dissertationem.
