3570 5574
780 412 822 474 79

72 613 263 699 συγγραφέων
287 609 430 702 Ἄρδαλόν
465 639 536 700 φασι
564 611 719 698 Τροξήνιον
753 609 890 697 πρότερον
921 609 1021 676 Κλονᾶ
1055 610 1105 694 τῆν
1135 607 1301 696 αὐλῳδικῆν
1325 611 1526 693 συστήσασθαι

72 721 197 799 μοῦσαν·
232 719 378 804 γεγονέναι
413 717 445 782 δέ
479 715 527 781 καί
564 714 770 800 Πολόμνηστον
808 714 880 800 (πρὸ
913 713 1012 779 Κλονᾶ
1042 712 1139 799 νόμων
1170 712 1341 799 αὐλῳδικῶν
1374 712 1527 793 addam>

72 822 192 907 ποιητήν
215 823 300 905 (τὸν)
324 823 459 907 Μέλητος
488 827 539 886 τοῦ
564 817 755 906 Κολοφωνίου
784 819 854 897 υίόν,
889 814 924 882 δν
948 817 1154 904 Πολύμνηστόν
1183 841 1215 882 τε
1243 815 1292 882 καί
1317 815 1525 902 Πολυμνήστην

72 923 177 1009 νόμους
200 932 328 1011 ποιῆσαι.
379 925 444 1012 περί
467 925 500 992 δέ
524 925 632 1001 Κλονᾶ,
661 920 705 988 ότι
727 923 775 988 τὸν
796 921 952 988 Ἀπόθετον
983 921 1069 1008 νόμον
1092 919 1142 986 καί
1165 919 1328 1008 Σχοινίωνα
1358 920 1526 1005 πεποιηκὼς

73 1026 129 1112 εἴη,
153 1031 380 1116 μνημονεύουσιν
403 1031 429 1095 οἱ
453 1027 704 1115 ἀναγεγραφότες·
727 1033 779 1093 τοῦ
802 1026 835 1092 δέ
859 1026 1067 1112 Πολυμνήστου
1090 1024 1139 1091 καί
1165 1024 1305 1112 Πίνδαρος
1330 1022 1378 1089 καὶ
1399 1023 1526 1110 Ἀλκμάν
1555 1114 1558 1120 Ι

71 1134 99 1197 οί
121 1139 178 1197 τῶν
202 1139 299 1220 μελῶν
322 1133 440 1220 ποιηταί
464 1133 687 1219 ἐμνημόνευσαν.
732 1135 809 1205 τινὰς
833 1131 865 1196 δέ
888 1136 946 1195 τῶν
969 1130 1065 1216 νόμων
1087 1138 1145 1195 τῶν
1161 1133 1367 1217 κιθαρῳδικῶν
1389 1135 1446 1194 τῶν
1470 1127 1526 1193 ὑπὸ

72 1237 258 1325 Τερπάνδρου
282 1240 486 1326 πεποιημένων
509 1237 697 1325 Φιλάμμωνά
721 1263 793 1325 φασι
814 1237 863 1301 τὸν
886 1235 1010 1323 ἀρχαῖον
1033 1237 1081 1300 τὸν
1105 1236 1219 1322 Δελφὸν
1242 1233 1449 1319 συστήσασθαι.

432 1465 475 1534 Π.
511 1463 551 1529 Τί
575 1460 665 1550 εὗρε
688 1465 779 1550 πρὸς
803 1458 962 1548 αὔξησιν
985 1461 1000 1525 ὁ
1024 1461 1172 1550 Ιγ’ρόνος.

113 1667 117 1676 1
177 1619 217 1685 Τὐ
241 1619 268 1683 δ’
287 1616 354 1684 ’όλον
377 1618 396 1705 ή
421 1619 472 1706 μέν
496 1620 570 1685 κατὰ
594 1621 776 1707 Τέρπανδρον
805 1617 969 1706 κιθαρῳδία
992 1617 1042 1684 καί
1065 1619 1152 1706 μέχρι
1174 1625 1224 1703 τῆς
1247 1618 1389 1704 (θρόνιδος
1411 1617 1526 1702 ήλικίας

72 1728 220 1795 παντελῶς
233 1722 314 1809 ἁπλῆ
325 1749 366 1798 τις
379 1719 452 1789 οὐσα
465 1725 602 1790 διετέλει·
621 1724 656 1790 οὐ
675 1725 729 1812 γάρ
748 1728 812 1809 ἐξῆν
831 1725 863 1789 τῦ
882 1724 1008 1788 παλαιὸν
1027 1721 1104 1788 οῦτω
1122 1725 1269 1789 ποιεῖσθαι
1284 1722 1334 1796 τάς
1347 1720 1526 1809 κιθαρῳδίας

72 1826 113 1899 ὡς
137 1833 185 1892 νῦν
208 1826 278 1893 οὐδέ
301 1829 474 1916 μεταφέρειν
504 1830 555 1902 τάς
578 1827 718 1916 ἁρμονίας
748 1827 796 1893 καί
820 1829 885 1901 τούς
908 1828 1048 1914 ρυθμοός·
1081 1831 1111 1893 ἐν
1134 1828 1189 1914 γὰρ
1212 1831 1269 1900 τοῖς
1291 1827 1388 1913 νόμοις
1412 1825 1526 1913 ἑκάστῳ

72 1931 223 2016 διετήρουν
238 1933 290 2016 τῆν
306 1931 415 1999 οἰκείαν
427 1933 516 1999 τάσιν.
550 1935 595 1998 διδ
611 1933 660 1999 καί
672 1933 779 2018 ταύτην
792 1931 958 2018 ἐπωνυμίαν
971 1932 1066 2020 εἶχον·
1082 1931 1165 2016 νόμοι
1176 1933 1231 2017 γάρ
1243 1932 1526 2018 προςηγορεόθησαν,

75 2037 177 2120 ἐπειῦῆ
202 2035 254 2102 οὐκ
271 2041 335 2123 ἐξῆν
351 2041 518 2125 παραβῆναι
536 2040 613 2120 (τὸ)
635 2039 679 2119 (τὸ
696 2039 775 2109 add.
792 2040 933 2112 Arnim)
949 2037 1020 2102 καθ’
1036 2039 1157 2112 ἕκαστον
1170 2036 1370 2122 νενομισμένον
1386 2035 1461 2108 εἶδος
1477 2040 1527 2120 τῆς

76 2141 196 2213 τάσεως.
241 2142 275 2206 τά
299 2143 354 2228 γάρ
372 2143 442 2227 πρὸς
458 2144 524 2216 τούς
542 2145 627 2217 θεούς
644 2143 683 2217 ῶς
700 2143 853 2230 ἐβούλοντο
872 2142 1086 2230 (Wyttenb.:
1104 2141 1266 2227 βούλονται)
1290 2140 1528 2228 ἀφοσιωσάμενοι

74 2245 218 2330 ἐξέβαινον
242 2244 329 2318 εὐθῦς
353 2245 399 2310 ἐπί
423 2272 454 2310 τε
477 2248 529 2333 τῆν
548 2246 680 2334 Ὁμήρου
704 2246 753 2312 καί
776 2254 834 2312 τῶν
857 2242 955 2312 ἀλλων
977 2245 1106 2330 ποίησιν·
1129 2249 1218 2330 δῆλον
1241 2244 1273 2309 δέ
1296 2244 1376 2310 τοῦτ’
1395 2242 1454 2310 ἐστί
1477 2244 1527 2309 ῦιά

73 2356 130 2413 τῶν
158 2349 342 2436 Τερπάνδρου
376 2351 543 2437 προοιμίων,
600 2352 726 2438 ἐποιήθη
758 2351 790 2416 δέ
821 2348 870 2416 καὶ
900 2351 932 2415 τὸ
957 2355 1058 2442 σχῆμα
1088 2355 1139 2434 τῆς
1161 2348 1285 2436 κιθάρας
1316 2355 1429 2436 πρῶτον
1451 2348 1526 2413 κατά

75 2451 220 2536 Κηπίωνα
243 2454 291 2517 τὸν
307 2453 491 2542 Τερπάνδρου
516 2455 666 2542 μαθητήν·
689 2457 803 2541 ἐκλήθη
827 2454 856 2519 θ’
872 2454 969 2527 ’,λαιὰς
992 2455 1040 2519 διὰ
1063 2455 1095 2518 τῦ
1119 2456 1285 2542 κεχρῆσθαι
1306 2452 1371 2525 τοῦς
1389 2451 1526 2538 Λεσβίους

74 2557 148 2644 αὐτῆ
181 2559 364 2644 κιθαρῳδοὺς
399 2561 469 2645 πρός
504 2567 545 2647 τῆ
574 2559 656 2646 Ἀσία
692 2565 902 2632 κατοικοῦντας.
969 2561 1133 2623 τελευταῖον
1168 2558 1200 2623 δέ
1236 2557 1421 2645 Περίκλειτόν
1455 2583 1526 2644 φασι

72 2662 238 2748 κιθαρῳδὸν
271 2669 386 2747 νικῆσαι
420 2667 450 2729 έν
487 2665 682 2750 Λακεδαίμονι
718 2664 856 2752 Κάρνεια.
897 2665 929 2728 τὸ
964 2665 1043 2750 γένος
1078 2658 1146 2727 όντα
1182 2664 1318 2749 Λέσβιον·
1358 2662 1460 2727 τούτου
1494 2663 1527 2727 δέ

72 2765 304 2849 τελευτήσαντος,
337 2768 419 2841 τέλος
447 2772 546 2855 λαβεῖν
571 2768 701 2856 Λεσβίοις
724 2772 756 2834 τό
780 2769 899 2857 συνεχές
921 2775 971 2854 τῆς
994 2769 1068 2833 κατά
1092 2769 1143 2852 τῆν
1166 2767 1346 2854 κιθαρῳδίαν
1377 2770 1526 2854 διαδοχῆς.

74 2869 143 2934 ένιοι
181 2869 213 2934 δέ
251 2871 435 2957 πλανώμενοι
480 2872 626 2958 νομίζουσι
665 2875 739 2938 κατὰ
776 2875 825 2938 τόν
863 2872 950 2938 αὐτὸν
988 2872 1092 2961 χρόνον
1129 2871 1306 2959 Τερπάνδρῳ
1340 2871 1527 2937 Ἱππώνακτα

72 2975 232 3058 γεγονέναι·
256 2974 389 3061 φαίνεται
411 2976 440 3041 θ’
456 2977 654 3051 Ἱππώνακτος
677 2977 725 3043 καί
751 2977 932 3064 Περίκλειτος
956 2974 997 3040 ὢν
1021 2975 1219 3064 πρεσβύτερος.

179 3097 273 3185 (pag.
292 3105 366 3177 493,
393 3105 447 3183 17)
484 3100 605 3185 λέγεται
635 3100 714 3187 [γάρ]
739 3100 786 3164 τὸν
809 3100 1016 3186 προειρημένον
1033 3094 1192 3183 Ὄλυμπον,
1226 3097 1354 3181 αὐλητήν
1377 3092 1445 3161 ’όντα
1468 3103 1525 3160 τῶν
1567 3098 1582 3165 f

72 3203 105 3265 ἑκ
129 3199 266 3287 Φρυγίας,
301 3209 420 3287 ποιῆσαι
450 3204 536 3289 νόμον
569 3202 724 3288 αὐλητικὸν
755 3206 795 3268 εἰ·
816 3202 985 3269 ’.λπόλλωνκ
1015 3203 1064 3268 τόν
1094 3202 1273 3288 καλοόμενον
1298 3202 1524 3287 Πολυκέφαλον·

75 3305 149 3369 εἶναι
172 3305 205 3370 δέ
227 3306 275 3370 τδν
284 3302 436 3393 Ὄλυμπον
458 3307 559 3374 τοῦτόν
582 3334 669 3395 φασιν
693 3311 743 3373 ἕνα
766 3315 822 3373 τῶν
845 3307 904 3373 ἀπδ
928 3316 979 3374 τοῦ
1002 3308 1118 3395 πρώτου
1132 3307 1292 3393 Ὀλόμπου,
1315 3311 1366 3371 τοῦ
1383 3306 1525 3393 Μαρσύου

76 3413 255 3494 <μαθητοῦ>
278 3415 423 3496 (μαθητοῦ
440 3411 582 3491 addidi),
606 3412 796 3497 πεποιηκότος
820 3415 860 3486 εἰς
875 3414 941 3486 τοῦς
959 3413 1044 3486 θεοῦς
1060 3414 1125 3486 τοῦς
1141 3412 1252 3497 νόμους.
1288 3418 1377 3500 (pag.
1396 3417 1470 3491 494,
1495 3415 1525 3484 2)

74 3509 159 3578 ἀλλοι
183 3512 215 3578 δέ
240 3514 392 3601 Κράτητος
416 3516 488 3582 εἷναί
511 3542 583 3602 φασι
606 3518 654 3582 τόν
677 3518 886 3605 Πολυκέφαλον
909 3517 1004 3602 νόμον,
1027 3519 1181 3602 γενομένου
1205 3520 1341 3602 μαθητοῦ
1361 3514 1526 3601 Ὀλόμπου·

76 3617 92 3681 ό
116 3616 149 3682 δέ
174 3617 316 3704 Πρατίνας
337 3619 488 3706 Ὀλόμπου
519 3619 606 3709 φησίν
629 3621 702 3687 είναι
730 3628 776 3687 τοῦ
798 3624 940 3709 νεωτέρου
963 3624 1011 3687 τύν
1033 3622 1120 3708 νόμον
1141 3629 1249 3687 τοῦτον.
1294 3622 1341 3685 τὸν
1364 3619 1397 3684 δέ
1420 3620 1526 3686 καλοό-

74 3747 158 3806 μενον
184 3721 337 3809 Ἁρμάτιον
370 3725 457 3808 νόμον
492 3726 606 3811 λέγεται
637 3733 756 3812 ποιῆσαι
787 3726 802 3792 ῦ
831 3733 943 3814 πρῶτος
969 3722 1128 3813 Ὄλυμπος,
1162 3727 1178 3791 ὁ
1203 3726 1345 3813 Μαρσόου
1374 3725 1525 3810 μαθητής·

73 3832 167 3914 (pag.
185 3834 259 3908 494,
286 3835 339 3913 10)
373 3826 415 3893 ότι
439 3828 466 3894 δ’
486 3827 561 3895 ἐστίν
574 3830 724 3916 Ὀλύμπου
748 3831 763 3896 ὁ
783 3831 936 3918 Ἀρμάτιος
959 3831 1053 3917 νόμος,
1077 3835 1110 3896 ἐκ
1131 3837 1181 3916 τῆς
1199 3831 1331 3896 Γλαόκου
1355 3829 1526 3920 ἀναγραφῆς

77 3937 128 4016 τῆς
152 3929 224 4018 ὑπὲρ
239 3938 296 3997 τῶν
319 3932 454 4021 ἀρχαίων
477 3940 604 4019 ποιητῶν
628 3934 719 4019 μάθοι
743 3932 777 4000 άν
800 3962 849 4012 τις,
872 3935 921 4001 καὶ
939 3936 980 4001 ἔτι
996 3934 1077 4021 γνοίη
1094 3932 1137 4001 ότι
1153 3934 1329 4023 Στησίχορος
1352 3934 1526 4024 δἹμεραῖος

77 4030 140 4100 οὐτ’
164 4034 276 4124 Ὀρφέα
307 4033 374 4102 οὔτε
396 4038 578 4124 Τέρπανδρον
601 4034 664 4103 οὐτ’
681 4038 851 4128 Ἀρχίλοχον
885 4041 1083 4116 (Βυτθῑωες
1108 4037 1270 4127 ἀντίλοχον)
1299 4036 1366 4104 οὐτε
1389 4041 1526 4126 Θαλήταν

74 4139 244 4225 ἐμιμήσατο,
268 4140 336 4206 ἀλλ’
348 4136 500 4228 Ὄλυμπον
522 4143 705 4230 χρησάμενος
728 4151 770 4230 τῷ
778 4143 925 4231 Ἁρματίῳ
948 4144 1028 4230 νόμῳ
1051 4143 1100 4208 καὶ
1123 4149 1164 4230 τῷ
1183 4145 1257 4209 κατά
1281 4144 1421 4210 δάκτυλον
1445 4143 1525 4223 εἴδει,

73 4241 89 4307 ὅ
126 4246 289 4331 (Αωγόδῖ
325 4245 367 4326 of)
400 4271 473 4319 τινες
503 4250 531 4320 ἐξ
562 4246 663 4334 ὀρθίου
694 4251 783 4332 νόμου
813 4248 899 4337 φασίν
929 4249 1010 4314 εἷναι.
1066 4244 1152 4313 ἄλλοι
1181 4249 1214 4313 δέ
1237 4274 1310 4321 τινες
1334 4249 1389 4314 ὑπὸ
1417 4250 1526 4314 Μυσῶν

74 4348 217 4435 εὑρῆσθαι
240 4357 339 4415 τοῦτον
361 4353 410 4416 τὸν
432 4351 534 4436 νόμον·
557 4354 705 4437 γεγονέναι
727 4352 783 4439 γάρ
805 4379 883 4427 τινας
906 4354 1048 4442 ἀρχαίους
1073 4352 1201 4438 αὐλητάς
1226 4354 1355 4427 Μυσοός.

178 4470 237 4538 Καὶ
272 4469 360 4547 ἀλλος
390 4473 417 4539 δ’
444 4473 521 4539 ἐστίν
551 4473 673 4563 άρχαῖος
707 4475 794 4562 νόμος
826 4478 1004 4562 καλούμενος
1038 4475 1177 4563 Κραδίας,
1212 4474 1256 4567 όν.
1272 4501 1359 4563 φησιν
1377 4475 1525 4549 Ἱππῶναξ
1557 4499 1582 4562 g

74 4575 243 4663 Μίμνερμον
274 4577 409 4664 αὐλῆσαι.
454 4583 484 4643 ἐν
514 4578 595 4666 άρχῆ
626 4580 679 4666 γάρ
703 4583 817 4665 ἐλεγεῖα
842 4581 1097 4667 μεμελοποιημένα
1126 4582 1153 4645 οἱ
1177 4577 1305 4666 αὐλῳδοὶ
1328 4575 1413 4666 ήδον·
1441 4585 1525 4643 τοῦτο

73 4679 106 4745 δέ
139 4685 226 4766 δηλοῖ
254 4681 274 4767 ή
306 4689 361 4747 τῶν
391 4683 606 4768 Παναθηναίων
640 4685 739 4771 γραφη
775 4685 941 4773 (ἀναγραφή
965 4687 1133 4766 Οοθθλυε)
1169 4684 1187 4770 ἡ
1222 4682 1286 4771 περὶ
1315 4689 1365 4748 τοῦ
1388 4688 1526 4770 μουσικοῦ

73 4786 192 4871 ἀγῶνος.
237 4788 338 4871 γέγονε
360 4787 393 4853 δέ
416 4785 465 4853 καί
481 4787 618 4861 Σακάδας
631 4788 757 4876 Ἀργεῖος
780 4791 902 4876 ποιητής
926 4796 1022 4875 μελῶν
1045 4789 1148 4856 τεκαὶ
1172 4788 1308 4875 ἐλεγείων
1332 4793 1526 4874 μεμελοποιη-

73 4893 180 4978 μένων·
204 4892 219 4956 ό
243 4891 270 4957 δ’
291 4892 376 4966 αὐτὸς
399 4892 447 4958 καὶ
471 4894 590 4979 ποιητῆς
614 4893 725 4979 άγαθδς
757 4893 864 4960 καὶτὰ
894 4895 993 4961 Πόθια
1023 4894 1082 4982 τρίς
1112 4890 1266 4980 νενικηκὼς
1296 4893 1525 4979 ἀναγέγραπται·

72 4997 174 5063 τοότου
198 4995 246 5062 καὶ
272 4997 412 5084 Πίνδαρος
436 4997 615 5084 μνημονεύει.
