3570 5574
803 419 844 485 61

202 626 297 712 Apte
321 625 524 709 suspicatur
546 619 677 691 Hirael.
704 621 796 690 Dial.
821 621 838 690 I
866 643 898 707 p.
917 625 979 689 327
1004 619 1229 691 Heraclidem
1252 625 1289 690 in
1314 621 1382 691 hoo
1405 619 1549 706 dialogo

95 734 213 800 virum
249 750 269 796 e
302 726 390 794 luna
425 723 615 812 delapsum
649 723 692 793 de
727 725 833 793 rebus
868 723 1083 794 caelestibus
1115 724 1321 794 referentem
1353 724 1550 802 induxisse,
1655 717 1665 734 “

99 855 206 922 quam
233 833 279 902 ob
303 853 377 899 rem
401 828 523 898 irridet
544 828 767 898 Heraclidem
792 827 958 898 Timaeus
983 829 1047 897 DL
1071 827 1158 898 VIII
1174 834 1230 898 72:

200 952 320 1023 τοιαῦτά
355 976 417 1015 τινα
441 950 529 1014 εἰπὼν
560 949 575 1013 ὑ
599 948 719 1035 Τίμαιος
751 949 896 1035 ἐπιφέρει·
926 949 1013 1025 ,ἀλλὰ
1045 950 1092 1015 διὰ
1124 950 1229 1023 παντός
1260 953 1335 1014 ἐστιν
1354 949 1552 1036 Ἠρακλείδης
1570 961 1621 1034 48

95 1065 225 1130 τοιοῦτος
248 1053 489 1142 παραδοξολόγος,
519 1052 568 1117 καὶ
592 1057 624 1118 ἐκ
647 1059 697 1136 τῆς
721 1054 843 1138 σελήνης
875 1054 1057 1118 πεπτωκέναι
1087 1051 1241 1140 ἄνθρωπον
1273 1054 1373 1139 λέγων.
1418 1055 1472 1123 De
1495 1058 1550 1124 in-

95 1163 186 1233 colis
220 1161 330 1230 lunae
364 1164 484 1245 agitur
514 1157 610 1245 apud
643 1157 738 1227 Plut.
764 1158 807 1227 de
831 1159 894 1227 iac.
920 1161 957 1227 in
982 1157 1055 1228 orb.
1081 1157 1154 1227 lun.
1180 1164 1233 1238 24,
1268 1161 1330 1229 ubi
1362 1162 1481 1229 nescio
1506 1179 1551 1228 an

98 1269 254 1352 vestigia
275 1262 476 1333 Heraclidis
501 1268 651 1331 exstent.

634 1488 715 1557 XX.
751 1487 838 1573 ΙΙερί
867 1489 1025 1575 φάσεως.

733 1627 797 1695 DL
821 1627 854 1693 V
870 1633 921 1697 87.

206 1768 258 1836 De
281 1765 468 1836 Heraclide
492 1766 655 1836 Platonis
685 1771 722 1836 in
746 1767 908 1853 physicis
934 1766 1136 1836 adversario
1170 1769 1210 1837 ci.
1235 1791 1268 1856 p.
1294 1773 1314 1837 6
1345 1771 1473 1837 testim.
1503 1773 1551 1835 lb.

203 1939 385 2010 Heraclidi
410 1939 569 2009 oblocuti
593 1947 679 2008 sunt
701 1939 885 2028 Epicurei:

205 2044 406 2115 Philodem.
432 2043 542 2113 schol.
564 2044 695 2112 Zenon.
721 2044 764 2112 de
787 2043 848 2114 lib.
868 2044 1004 2115 dieend.
1022 2045 1112 2113 VH¹
1137 1982 1267 2114 Vari:
1286 2044 1417 2132 XXp
1436 2050 1488 2120 97.
1514 2052 1553 2114 10

96 2150 314 2220 Usener...
337 2146 435 2212 ἔτιδὲ
458 2173 509 2232 την
532 2171 597 2233 μερι
600 2148 721 2233 ἱεμένην
744 2174 796 2212 συ
786 2148 914 2233 γνώμην
938 2149 1033 2222 ἐνοῖς
1056 2150 1201 2214 διέπεσον·
1232 2148 1272 2222 ὡς
1296 2147 1326 2213 έν
1348 2173 1380 2213 τε
1402 2152 1460 2221 τοῖς
1483 2148 1554 2235 πρὸς

101 2252 284 2340 Δημόκριτον
304 2251 419 2316 ἵσταται
443 2195 493 2316 διαί
514 2252 613 2324 τέλους
636 2251 652 2316 ό
673 2250 846 2337 Ἐπίκουρος
869 2251 918 2317 καί
941 2254 1012 2340 πρὸς
1030 2252 1292 2340 Ἡρακλείδην
1315 2252 1346 2318 ἔν
1368 2277 1400 2317 τε
1424 2256 1555 2331 (catara

96 2358 256 2440 desunt).

204 2462 388 2532 Plutarch.
413 2483 486 2530 non
510 2483 616 2548 posse
640 2466 660 2529 2
682 2483 715 2549 p.
736 2467 808 2544 175,
825 2465 867 2530 20
884 2459 963 2529 Ua:
988 2465 1045 2534 τοῖς
1062 2460 1180 2525 ἐκείνων
1203 2459 1289 2538 (scil.
1304 2459 1481 2545 Ἐπικούρου
1505 2458 1554 2524 καί

100 2566 302 2653 Μητροδώρου
326 2564 466 2650 λόγοις)
454 2590 470 2629 ο
496 2565 647 2689 Κωλώτης
676 2564 936 2651 παραβαλλόμενος
967 2564 1168 2653 εὐφημότατος
1197 2564 1309 2652 ἀνδρῶν
1341 2563 1487 2650 φαίνεται
1517 2565 1553 2629 τά

97 2671 157 2757 γάρ
182 2674 212 2735 ἐν
235 2669 401 2755 ἀνθρώποις
432 2666 568 2757 αἴσχιστα
597 2669 721 2756 ρηματα,
753 2669 940 2758 βωμολοχίας
970 2670 1167 2757 ληκυθισμοὺς
1194 2668 1403 2743 ἀλαζονείας
1393 2668 1553 2756 εταιρόσεις

97 2773 299 2862 ἀνδροφονίας,
323 2774 514 2861 βαρυστόνους
538 2774 740 2862 πολυφθόρους
764 2777 853 2861 βαρυ-
840 2800 906 2859 γκε
908 2774 1019 2862 φάλςου
1044 2776 1251 2861 συναγαγόντες
1271 2774 1482 2862 ’λριστοτέλους
1505 2799 1554 2838 και

96 2881 272 2968 Σωκράτους
295 2878 346 2945 καὶ
370 2879 545 2966 Πυθαγόρου
569 2878 617 2944 καί
643 2879 837 2966 Πρωταγόρου
865 2877 914 2943 καί
938 2879 1126 2966 Θεοφράστου
1150 2879 1199 2945 καί
1217 2876 1482 2967 Ἡρακλείδου
1505 2877 1553 2943 καὶ

92 2984 261 3073 Ἱππάρχου
285 2987 333 3049 καὶ
357 2983 430 3056 τίνος
453 2983 508 3070 γὰρ
531 2981 598 3071 οὐχί
621 2991 678 3047 τῶν
701 2988 850 3070 ἐπιφανῶν
874 2985 1097 3049 κατεσκέδασαν.

306 3107 503 3195 Epicureus
528 3106 622 3193 opud
649 3106 719 3176 Cic.
745 3107 788 3177 de
812 3108 879 3175 ND
903 3108 987 3186 113.
1013 3112 1071 3176 34:

203 3251 257 3309 ‚ex
282 3229 404 3298 eadem
429 3228 594 3298 Platonis
619 3228 745 3299 schola
767 3229 939 3299 Ponticus
964 3228 1172 3299 Heraclides
1196 3228 1395 3316 puerilibus
1420 3229 1553 3299 fabulis

95 3335 238 3404 refersit
259 3332 372 3403 libros
398 3340 432 3400 et
454 3341 532 3402 tum
567 3334 703 3416 [tamen
726 3334 850 3403 modo:
885 3357 969 3403 corr.
989 3334 1193 3416 Manutius]
1227 3333 1402 3403 mundum
1431 3334 1552 3410 (deum

97 3437 181 3506 add.
215 3437 385 3519 Krische)
425 3446 500 3505 tum
539 3447 694 3508 mentem
735 3439 897 3508 divinam
936 3460 1014 3507 esse
1052 3445 1167 3526 putat,
1206 3439 1407 3508 errantibus
1446 3442 1551 3508 etiam

95 3540 215 3612 stellis
251 3543 476 3613 divinitatem
514 3543 640 3611 tribuit
680 3543 877 3630 [sensuque
916 3542 1020 3612 deum
1059 3546 1177 3630 privat
1216 3550 1251 3610 et
1289 3545 1365 3611 eius
1404 3542 1552 3613 formam

94 3647 310 3716 mutabilem
346 3667 423 3715 esse
458 3645 554 3728 vult]
593 3645 787 3733 eodemque
823 3652 859 3716 in
894 3646 987 3717 libro
1024 3670 1146 3716 rursus
1181 3655 1309 3716 terram
1346 3657 1379 3715 et
1414 3649 1552 3717 eaelum

95 3750 205 3820 refert
226 3753 265 3819 in
289 3751 397 3820 deos‘

203 3854 302 3936 Quae
341 3854 483 3931 inclusi,
525 3855 667 3924 affinxit
704 3855 884 3925 Heraclidi
920 3856 1041 3926 Cicero
1080 3877 1123 3924 ex
1160 3857 1324 3943 Epicurei
1360 3863 1478 3925 mente
1510 3857 1551 3925 ei.

95 3959 251 4030 Krische
275 3961 421 4029 Forsch.
446 3983 478 4048 p.
497 3965 561 4030 328
586 3982 661 4048 sqq.
710 3960 810 4030 Diels
836 3960 926 4039 Dox.
950 3982 982 4047 p.
1005 3964 1073 4028 124.

203 4150 376 4222 Geminus
402 4155 431 4216 ἐν
453 4159 490 4239 τῇ
513 4155 637 4240 ἐπιτομῇ
659 4158 716 4217 τῶν
741 4151 936 4217 Ποσειδωνίου
961 4153 1225 4236 Μετεωρολογικιδν
1251 4152 1345 4238 apud
1371 4150 1496 4238 Simpl.
1516 4155 1552 4222 in

94 4258 158 4326 Ar.
176 4256 286 4344 Phys.
304 4258 376 4327 112
400 4261 448 4344 (p.
470 4258 565 4327 193b
591 4261 648 4341 23)
673 4280 705 4344 p.
724 4263 788 4328 292
811 4257 929 4327 Diels:

202 4376 252 4442 καί
275 4378 291 4442 ὑ
315 4378 367 4464 μέν
390 4380 510 4465 φυσικδς
533 4384 583 4462 τῆς
608 4377 700 4451 αἰτίας
724 4385 876 4467 πολλαχοῦ
898 4376 1005 4464 ἅψεται
1029 4378 1090 4458 (D2
1114 4378 1165 4450 τὰς
1182 4376 1275 4451 αἰτίας
1290 4403 1318 4441 π.
1335 4373 1439 4463 ὄψεται
1454 4379 1552 4457 aEF)
1571 4385 1621 4458 49

93 4483 139 4555 είς
172 4484 224 4568 τὴν
258 4484 409 4568 ποιητικὴν
444 4483 564 4568 δύναμιν
599 4482 787 4569 ἀποβλέπων,
831 4484 847 4549 ὁ
883 4484 915 4548 δὲ
950 4481 1124 4568 ἀστρολόγος
1158 4479 1227 4546 όταν
1260 4481 1319 4548 άπδ
1353 4489 1410 4546 τῶν
1443 4482 1553 4556 ἔξωθεν

94 4587 323 4674 συμβεβηκότων
346 4587 534 4672 ἀπυδεικνόη,
558 4586 615 4675 οὑχ
638 4588 734 4660 ίκανδς
758 4590 866 4673 θεατὴς
889 4587 997 4674 γίνεται
1020 4593 1070 4671 τῆς
1094 4585 1196 4665 αἰτίας,
1226 4587 1285 4652 οἷον
1308 4583 1357 4650 ότε
1381 4591 1553 4673 σφαιροειδῆ

93 4692 150 4777 τήν
172 4699 225 4777 γῆν
248 4689 268 4775 ἢ
289 4695 324 4758 τά
349 4690 441 4778 άστρα
464 4690 649 4767 ἀποδίδωσιν,
674 4694 794 4780 ἐνιαχοῦ
818 4693 850 4758 δὲ
867 4692 936 4758 οὑδὲ
960 4697 1044 4770 (om.
1064 4693 1111 4768 D)
1135 4692 1186 4776 τὴν
1203 4691 1297 4756 αἰτίαν
1313 4693 1413 4776 λαβεῖν
1429 4689 1551 4777 ἐφίεται,

94 4797 139 4870 ὡς
163 4794 231 4862 ὅταν
253 4796 319 4885 περὶ
343 4796 502 4884 ἐκλείψεως
525 4798 710 4881 διαλέγηται·
741 4793 847 4863 άλλοτε
871 4798 903 4862 δέ
926 4796 996 4862 καθ’
1017 4797 1155 4863 ὑπόδεσιν
1184 4795 1308 4882 εὑρίσκει
1331 4796 1452 4882 τρόπους
1475 4796 1552 4868 τινάς

94 4902 263 4980 ἀποδιδούς,
294 4897 335 4967 ὧν
359 4898 549 4987 ὑπαρχόντων
573 4900 740 4985 σωθήσεται
769 4903 804 4965 τά
834 4901 1003 4988 φαινόμενα.
1048 4902 1120 4966 οἷον·
1150 4902 1198 4967 διὰ
1228 4900 1254 4965 τί
1283 4901 1447 4986 ἀνωμάλως
1470 4896 1552 4984 ἥλιος

94 5004 147 5072 καί
181 5007 288 5092 σελήνη
322 5004 371 5070 καί
405 5006 432 5069 οἱ
466 5004 609 5089 πλάνητες
643 5004 793 5091 φαίνονται
827 5006 1006 5091 κινυόμενοι;
1042 5004 1085 5070 δτι
1116 5008 1140 5071 εἰ
1169 5004 1356 5091 ὑποθοίμεθα
1385 5005 1551 5092 έκκέντρους
