3570 5574
907 395 948 461 86

413 602 531 670 Sehol.
556 601 589 669 H
615 600 646 681 Q
668 601 701 668 R
726 599 855 687 Odyss.
882 602 898 685 β
922 606 978 669 63;

135 730 185 801 88
309 724 435 802 αἰτιᾶται
465 720 760 808 δἨρακλείδης
795 720 843 786 καὶ
874 723 905 786 τδ
935 728 984 806 τῆς
1008 721 1186 808 Ἰἠλεμαίχου
1217 720 1396 806 δημηγορίας
1425 720 1661 803 ἀνοικονόμητον.

204 828 269 892 δέον
293 826 357 912 γάρ,
381 824 467 914 φησίν
492 828 553 908 (Rt
578 827 636 913 ἔφη
660 829 763 911 διήλ),
787 826 883 901 ἀξιοῦν
907 825 955 892 καί
979 826 1117 891 ἱκετεύειν
1142 824 1323 911 συνάρασθαι
1347 825 1426 911 αὐτῷ
1446 826 1516 911 πμδς
1533 824 1584 908 τῆν
1601 830 1660 886 τών

205 931 376 1016 μνηστήρων
407 937 457 996 τοῦ
487 929 567 995 οίκου
591 931 773 1016 ἀπαλλαγῆν,
806 930 821 995 ό
845 931 878 995 δέ
902 931 1057 1015 ἐκπλήσσει
1088 932 1195 1015 λέγων·
1226 927 1269 1006 ,ού
1293 933 1347 1016 γὰρ
1372 929 1414 994 ἔτ’
1434 929 1561 1016 ἀνσχετὰ
1587 928 1661 1013 ἔργα

205 1035 386 1122 τετεύχαται,
403 1034 466 1100 οὐδ’
483 1035 524 1100 ἔτι
540 1041 636 1108 καλῶς
653 1035 729 1109 οἶκος
747 1036 815 1120 ἐμδς
831 1035 973 1101 διόλωλεῆ
997 1033 1045 1100 καὶ
1068 1036 1100 1099 τῦ
1117 1033 1160 1099 ότι
1180 1037 1213 1118 {zi
1228 1033 1346 1104 codd:
1365 1035 1431 1104 del.
1446 1036 1579 1104 Buttm.
1596 1032 1661 1102 sed

205 1143 282 1212 hiat
296 1150 375 1211 tum
391 1163 531 1229 quoque
548 1143 668 1223 oratio}
696 1142 736 1226 μῆ
760 1141 895 1226 πάρεστιν
911 1141 926 1204 ὁ
944 1142 1047 1227 πατῆρ,
1070 1147 1161 1205 ταῦτα
1185 1139 1309 1227 πάσχειν
1333 1139 1592 1224 ἐπανατεινόμενος
1617 1137 1662 1215 ,ού

205 1248 260 1334 γάρ
276 1247 324 1311 ἔπ’
340 1246 413 1333 ἀνῆρ
429 1246 488 1319 οἷος
501 1245 660 1318 Ὀδυσσεὺς
676 1245 758 1310 ἔσκεν
774 1245 848 1333 ἀρῆν
864 1245 922 1310 ἀπδ
939 1244 1018 1310 οἴκου
1043 1245 1163 1330 ἀμῦναι’
1187 1244 1270 1329 ἡμεῖς
1287 1243 1313 1309 δ’
1326 1243 1360 1309 ού
1376 1244 1408 1309 νύ
1424 1270 1450 1308 τι
1466 1247 1537 1308 τοῖοι
1553 1242 1662 1327 ἀμυνέ-

207 1364 275 1436 μεν.
298 1349 346 1415 καί
364 1350 405 1415 ἔτι
421 1350 587 1436 πικρότερον
604 1352 672 1437 πρδς
688 1349 952 1434 τοῦςἸθακησίους
975 1345 1053 1422 όντος
1076 1356 1127 1414 τοῦ
1151 1349 1236 1434 λόγου
1261 1347 1309 1414 καί
1333 1351 1383 1434 τήν
1407 1349 1529 1432 ἀπειλῆν
1553 1353 1663 1431 (παλην

207 1456 329 1528 codd:
366 1478 450 1525 rorr.
477 1456 603 1540 Cobet)
637 1451 752 1533 ,ἀλλους
786 1455 811 1519 τ’
839 1457 1004 1538 αἰδέσθητεί
1039 1453 1109 1540 φησὶ
1144 1453 1333 1539 ,περικτίονας
1368 1453 1549 1540 ἀνθρώπους,
1584 1456 1664 1517 θεων

210 1561 236 1626 δ’
257 1558 429 1626 ὑποδείσατε
453 1566 553 1645 μῆνιν.
599 1558 698 1645 ἀγνοεῖ
719 1558 745 1624 δ’
762 1559 777 1623 ὁ
794 1560 954 1646 κατήγορος
970 1560 1021 1644 τῆν
1037 1560 1156 1646 δύναμιν
1172 1566 1222 1644 τῆς
1239 1544 1427 1646 δημηγορίας.
1466 1558 1664 1644 συμπλέκεται

208 1667 263 1752 γάρ
287 1665 436 1752 βασιλικὸν
461 1664 596 1751 φρόνημα
620 1664 718 1750 δεήσει
742 1662 790 1729 καί
815 1665 918 1750 ἱκεσία.
963 1663 1012 1729 καὶ
1037 1664 1111 1728 ἐστιν
1135 1665 1192 1751 οὐχ
1215 1665 1316 1738 ἁπλοῦς
1339 1664 1354 1729 δ
1379 1665 1463 1750 λόγος
1487 1662 1665 1750 ἀτυχοῦντας

209 1771 402 1854 (ἀδικοῦντοςὶ
427 1770 685 1850 0οΓ1·.Βι1ίλ111.),
714 1769 762 1834 ἵνα
785 1771 881 1854 δέησις
906 1766 925 1856 γ’,
949 1770 1033 1855 μόνη,
1066 1767 1141 1833 ἀλλά
1173 1770 1316 1855 βασιλέως
1348 1769 1522 1857 ἀτυχοῦντός
1546 1793 1576 1830 τε
1601 1764 1665 1851 ἅμα

211 1875 260 1940 καὶ
284 1873 474 1959 ἀδικουμένου
499 1873 550 1959 ὑφ’
571 1869 611 1937 ών
634 1871 738 1959 ήκιστα
762 1879 867 1963 ἐχρῆν·
891 1874 906 1939 ό
930 1874 963 1938 δέ
986 1874 1070 1959 λόγος
1095 1875 1165 1960 πρὸς
1187 1876 1252 1946 τοῦς
1276 1873 1453 1955 ἀδικοῦντας.
1498 1872 1543 1935 διδ
1567 1870 1586 1955 ῆ
1611 1871 1666 1955 μέν

209 1979 357 2066 παρρησία
381 1983 430 2063 τῆς
454 1978 633 2063 ἐπιπλήξεως
657 1979 802 2065 βασιλική,
826 1979 845 2065 ῆ
870 1978 902 2043 δέ
926 1980 1022 2063 δέησις
1048 1981 1275 2065 (παραμέμικται
1299 1978 1353 2066 γὰρ
1371 1977 1419 2043 καί
1435 1979 1542 2062 δέησις)
1567 1974 1666 2040 οἰκεία

210 2091 250 2170 τῷ
270 2088 454 2172 δυςτυχοῦντι
477 2083 622 2168 ,λίσσομαι
645 2083 718 2170 ήμέν
741 2084 834 2169 Ζηνὸς
854 2083 1015 2169 Ὀλυμπίου
1039 2083 1093 2169 ῆδὲ
1116 2086 1273 2169 Θέμιστος.

421 2274 605 2345 Sehol.11.
632 2277 653 2340 Γ
678 2281 750 2346 236.
799 2274 974 2345 Schrader
997 2277 1128 2364 Porph.
1153 2299 1185 2364 p.
1212 2284 1270 2346 ουτ

142 2383 191 2456 89
315 2395 457 2461 ἀπίθανον
488 2396 561 2461 εἶναι
592 2401 679 2474 δοκεῖ,
715 2399 798 2462 ἐννέα
832 2402 904 2463 ἐτῶν
936 2399 1111 2484 διελθόντων
1142 2401 1198 2472 τοῖς
1214 2396 1358 2481 ’Ἓλλησιν
1389 2400 1418 2461 ἐν
1444 2395 1524 2481 Ἰλίῳ
1553 2396 1668 2479 μηδένα

211 2508 269 2565 τών
292 2501 448 2587 βαρβάρων
471 2499 648 2586 ἀπαγγεῖλαι
671 2509 707 2588 τῆ
726 2502 835 2588 Ἑλένη
859 2500 923 2589 περὶ
947 2509 1003 2567 τῶν
1027 2503 1171 2590 ἀδελφῶν,
1205 2501 1262 2567 εἴτε
1285 2501 1333 2566 καί
1358 2499 1439 2567 αὐτοὶ
1463 2500 1601 2588 ἀφίκοντο
1626 2501 1669 2572 εἰς

211 2606 259 2671 τδν
283 2606 409 2692 πόλεμον
433 2603 491 2669 εἴτε
514 2603 590 2678 ὅλοις
613 2606 665 2672 οὐκ
688 2603 780 2692 ήλθον
805 2609 845 2680 εἷς
861 2607 974 2694 Τροίαν.
998 2605 1017 2692 ή
1042 2607 1176 2681 ἐλθόντες
1200 2606 1252 2671 ούκ
1276 2609 1397 2691 ἐξῆλθον
1422 2608 1461 2679 εἰς
1482 2606 1533 2690 τῆν
1550 2605 1668 2691 μάχην·

211 2710 246 2776 ού
269 2713 324 2797 γὰρ
348 2714 413 2795 ἐνῆν
444 2711 589 2784 τοιούτους
624 2709 706 2784 ὄντας
738 2712 778 2797 μῆ
809 2711 866 2800 οὐχ
897 2712 952 2777 ὑπὸ
984 2712 1098 2777 πάντων
1128 2712 1340 2797 γιγνώσκεσθαι
1375 2711 1517 2797 παρόντας
1549 2712 1589 2782 εἷς
1614 2710 1665 2793 τῆν

212 2816 325 2905 Τροίαν.
371 2815 449 2899 λέγει
477 2814 509 2878 δέ
529 2814 786 2901 Ἡρακλείδης
819 2813 862 2880 ότι
891 2812 996 2902 ἀλογον
1026 2813 1061 2902 ήν
1092 2813 1181 2891 ὅντως
1211 2823 1303 2895 τοῦτο,
1336 2818 1360 2880 εί
1384 2815 1612 2881 διατελεσοίντων
1636 2818 1668 2879 ἐν

213 2927 249 3008 τῆ
272 2919 363 3007 Τροίη
385 2920 500 2984 πάντων
520 2919 673 3005 Ἑλλήνων
697 2922 779 2986 ἐννέα
803 2921 853 3006 έτη
878 2921 967 3007 μηδὲν
990 2921 1054 3008 περὶ
1077 2928 1134 2986 τῦν
1159 2921 1296 3003 ἀδελφῶν
1320 2921 1405 3009 ἔσχεν
1425 2921 1534 3004 Ἑλένη
1558 2920 1668 3004 λέγειν.

215 3028 239 3091 εἰ
264 3025 296 3090 δέ
318 3023 353 3090 ού
376 3024 480 3088 ποίντες
509 3020 584 3108 ῆσαν
617 3028 643 3090 οί
669 3025 890 3112 στρατεύσαντες
923 3030 952 3091 ἐν
975 3027 1073 3114 Τροία,
1106 3026 1172 3091 ἀλλ’
1192 3028 1217 3091 οί
1242 3027 1293 3112 μέν
1316 3025 1381 3112 περὶ
1404 3027 1514 3112 ,λέσβον
1544 3023 1670 3096 καὶτὰς

214 3127 305 3203 ἀλλος
329 3130 440 3214 νήσους,
472 3125 506 3202 ἃς
537 3131 562 3194 οἱ
596 3130 692 3216 Κᾶρες
727 3131 824 3217 (κάρες
856 3132 944 3211 eod.)
980 3133 1068 3219 εἶχον,
1100 3131 1252 3218 ἐπόρθουν,
1284 3131 1381 3204 πόλεις
1425 3132 1545 3212 (πολλαὶς
1577 3127 1687 3199 οοά.;’

215 3258 300 3305 corr.
326 3234 509 3315 Schrader)
544 3234 576 3298 δέ
605 3234 655 3299 καὶ
689 3242 745 3299 τών
775 3239 805 3300 ἐν
833 3243 869 3322 τῆ
893 3235 1014 3323 ῆπείρῳ,
1049 3236 1133 3301 οὐδέν
1155 3232 1220 3323 ’ήδει
1252 3239 1275 3300 εἰ
1305 3237 1496 3322 ἐστράτευσαν
1528 3234 1623 3315 (οὐδέν
1650 3232 1670 3322 ῆ

215 3341 307 3405 δεινὸν
331 3341 355 3404 εἰ
380 3343 468 3424 ἐστρ.;
493 3339 781 3420 eorrVilloison)
805 3338 883 3425 ήού.
929 3341 1127 3427 πιθανώτερον
1151 3341 1183 3405 δέ
1208 3346 1380 3428 προςθεῖναι,
1403 3340 1447 3406 ὅτι
1463 3339 1670 3428 ἠφανισμένων

215 3451 266 3510 τοῦ
291 3444 439 3530 Κάστορος
471 3442 592 3510 καὶτοῦ
617 3445 818 3518 Πολυδεύκους
847 3445 895 3510 καί
920 3446 1080 3511 δοκούντων
1103 3447 1249 3524 τεθνοίναι,
1280 3448 1328 3512 δια
1352 3448 1383 3511 τδ
1408 3447 1448 3531 μῆ
1473 3445 1579 3510 εἰδέναι
1603 3445 1672 3518 τοῦς

216 3549 390 3636 ἀνθρώπους
413 3549 444 3611 τδ
469 3550 658 3634 συμβεβηκός,
691 3550 764 3635 μήτε
793 3552 844 3636 (μῆ
868 3551 961 3621 cod:
993 3575 1077 3623 corr.
1097 3551 1281 3632 Schrader)
1312 3549 1355 3617 ότι
1378 3551 1571 3635 ἐτεθνήκεσαν
1596 3549 1674 3633 μήτε

217 3657 242 3720 εἰ
277 3655 318 3719 ἐτι
353 3652 431 3731 εἰσίν,
466 3651 519 3717 οῦκ
554 3652 747 3739 ἀνηγγέλλετο
781 3662 818 3743 τῆ
848 3655 958 3741 Ἑλένη
993 3655 1057 3741 περὶ
1092 3655 1196 3721 αὐτῶν.
1248 3656 1316 3721 οῦδὲ
1346 3657 1401 3742 γάρ
1432 3655 1467 3720 τά
1491 3659 1619 3742 δυςχερῆ
1643 3658 1672 3719 οἱ,

218 3758 276 3842 (καί
294 3758 387 3828 eod.:
406 3780 490 3826 corr.
510 3758 661 3839 Bekker)
685 3760 827 3847 βάρβαροι
844 3765 901 3833 τοῖς
925 3761 1078 3833 δυνάσταις
1094 3760 1187 3825 πάντα
1204 3759 1274 3825 εἰσίν
1291 3761 1450 3846 εἰθισμένοι
1467 3759 1672 3844 ἀπαγγέλλειν.

217 3863 266 3930 καί
300 3863 401 3928 τούτου
436 3864 529 3926 πολλοὶ
565 3863 787 3950 παραδείγματα
821 3867 914 3951 λέγειν
951 3865 1038 3929 ἐστιν·
1074 3866 1115 3929 έτι
1143 3867 1198 3952 γάρ
1230 3864 1278 3931 καὶ
1308 3872 1355 3931 νῦν
1378 3871 1507 3953 χρῶνται
1536 3871 1578 3950 τῷ
1598 3864 1673 3929 ἔθει.

217 3969 302 4036 οὐδέν
325 3963 375 4032 οὖν
399 3967 527 4032 ἐκώλυεν
551 3967 717 4054 ἀμφιδοξεῖν
740 3968 805 4056 περὶ
829 3970 924 4035 αῦτιῦν
947 3972 998 4054 τῆν
1018 3970 1150 4054 Ἱῦλένην.

430 4157 548 4228 Sehol.
574 4160 614 4229 Il.
641 4162 668 4228 B
694 4168 765 4232 649.
814 4163 988 4232 Schrader
1011 4164 1141 4251 Porph.
1167 4186 1199 4250 p.
1225 4169 1285 4231 48:

149 4293 197 4365 90
320 4283 368 4344 διά
400 4277 424 4342 τί
457 4282 584 4346 ἐνταῦθα
614 4282 665 4367 μέν
689 4285 846 4370 πεποίηκεν
876 4284 969 4363 ,ἀλλοι
994 4286 1022 4350 θ’
1044 4286 1072 4349 οἳ
1096 4284 1212 4371 Κρήτην
1237 4285 1429 4371 ἑκατόμπολιν
1452 4283 1675 4369 ἀμφενέμοντο,

221 4392 250 4453 ἐν
273 4386 305 4451 δέ
326 4382 482 4469 Ὀδυσσεία
516 4387 603 4450 εἰπών
627 4386 670 4453 ότι
695 4390 768 4454 ἐστιν
792 4391 811 4476 ή
838 4392 938 4477 Κρήτη
973 4392 1049 4474 καλῆ
1080 4387 1127 4454 καὶ
1159 4388 1255 4476 πίειρα
1287 4388 1335 4453 καί
1367 4388 1531 4475 περίρρυτος
1555 4387 1675 4472 έπάγει·

127 4521 205 4576 :174
223 4496 262 4571 ,ἐν
286 4489 314 4555 δ’
333 4486 483 4576 ἅνθρωποι
506 4491 607 4557 πολλοὶ
630 4494 790 4582 ἀπειρέσιοι
814 4494 862 4559 καὶ
886 4496 1039 4581 ἐννήκοντα
1062 4495 1195 4579 πόληεςές
1219 4496 1250 4559 τὸ
1274 4496 1328 4581 γάρ
1345 4493 1414 4558 ποτέ
1431 4492 1482 4578 μὲν
1499 4493 1676 4577 ἐνενήκοντα

220 4597 290 4662 ποτέ
313 4595 345 4660 δέ
370 4595 472 4658 ἐκατδν
495 4597 588 4681 λέγειν
612 4603 693 4664 δοκεῖ
715 4600 840 4665 ἐναντίον
865 4601 946 4664 εἶναι.
980 4601 1241 4686 Ἠρακλείδης
1265 4600 1316 4685 μέν
1339 4595 1389 4662 οὖν
1413 4597 1460 4662 καὶ
1485 4594 1568 4662 ἀλλοι
1594 4597 1675 4662 λύειν

222 4700 392 4789 ἐπεχείρουν
416 4696 523 4772 ούτως·
547 4703 610 4767 ἐπεὶ
633 4707 688 4792 γὰρ
712 4706 871 4790 μυθεύεται
894 4707 960 4778 τοῦς
976 4705 1038 4790 μετ’
1051 4705 1221 4790 Ἰδομενέως
1238 4706 1296 4769 ἀπδ
1312 4704 1416 4789 Τροίας
1434 4702 1677 4777 ἀποπλεύσαντας

221 4810 368 4893 πορθῆσαι
403 4802 513 4868 ,λύκτον
548 4810 658 4888 (λέκτον
693 4811 812 4880 00de
848 4834 932 4882 corr.
959 4811 1093 4887 Hoeck)
1128 4809 1175 4874 καὶ
1205 4812 1255 4883 τάς
1287 4813 1369 4895 ἐγγὺς
1398 4809 1503 4883 πόλεις,
1535 4802 1568 4878 ἀς
1594 4807 1677 4894 ἔχων

221 4914 342 4979 ,τεύχων
379 4919 393 4982 i,
427 4907 516 4975 Τάλω
551 4917 650 4996 (τάλας
685 4915 803 4986 codd.:
839 4915 1068 4996 οων.Ι)1ο(ἰ.)
1104 4917 1229 5000 πόλεμον
1260 4915 1392 5000 ἐξήνεγκε
1423 4919 1480 4986 τοῖς
1512 4916 1545 4976 ἐκ
1567 4911 1678 4998 Τροίας

223 5026 365 5102 ἐλθοῦσιν,
401 5019 518 5097 εἰκότως
548 5023 582 5087 ἀν
612 5023 742 5112 μαίνοιτο
775 5028 885 5109 μᾶλλον
917 5028 967 5089 τοῦ
998 5027 1119 5108 ποιητοῦ
1150 5020 1171 5101 τ’,
1194 5019 1326 5109 ἀκρίβεια
1350 5017 1370 5105 ή
1395 5016 1591 5105 ἐναντιολογία
1625 5043 1678 5093 τις.
