3570 5574
776 443 818 507 53

69 644 279 732 Πεισίστρατον
302 645 505 730 ἀσπαζομένου
528 652 579 710 τοῦ
601 645 743 717 Σόλωνος.
777 642 847 709 ὅθεν
863 641 988 730 ὕστερον,
1011 643 1050 717 ὡς
1074 643 1176 721 ἔοικεν,
1199 644 1241 716 εἰς
1263 640 1406 731 διαφοράν
1430 638 1526 707 αὐτῶν

68 754 100 816 ἐν
123 758 161 838 τῇ
183 749 315 836 πολιτείᾳ
338 751 542 815 καταστάντων
565 749 649 814 οὐδὲν
672 745 791 834 ἤνεγκεν
814 748 834 833 ἡ
858 747 953 836 ἔχθρα
978 749 1102 834 σκληρὸν
1117 747 1182 813 οὐδ’
1198 743 1296 834 ἄγριον
1319 746 1423 825 πάθος,
1447 745 1524 811 ἀλλὰ

68 857 251 943 περιέμεινεν
285 859 382 921 ἐκεῖνα
415 856 450 919 τοὶ
485 852 584 919 δίκαια
616 857 678 928 ταῖς
708 856 816 942 ψυχαῖς
845 851 895 917 καί
926 851 1114 939 παρεφύλαξε
1144 852 1310 937 ,,τοφόμενα
1333 851 1403 917 Δίου
1428 855 1526 937 (τυφο-

71 962 163 1046 μένην
186 960 277 1047 tepet
301 959 417 1029 codd:
442 982 526 1029 corr.
552 959 593 1028 G.
615 959 797 1028 Hermann
822 958 866 1026 ad
891 959 1012 1045 Eurip.
1038 958 1165 1027 Bacch.
1191 960 1226 1033 8)
1250 958 1338 1044 σορὸς
1362 956 1404 1022 ἔτι
1432 963 1526 1031 ζῶσαν

69 1065 197 1152 φλόγα“,
220 1065 272 1151 τήν
295 1065 435 1151 ἐρωτικὴν
459 1065 572 1150 μνήμην
595 1063 643 1128 καί
667 1063 760 1151 χάριν.
799 1064 839 1131 ef.
865 1064 965 1147 frgm.
994 1069 1042 1131 19.

276 1220 341 1288 DL
365 1221 382 1289 Ι
405 1227 455 1290 49.

174 1383 214 1391 -
240 1342 444 1428 Πεισίστρατον
466 1343 515 1406 τὸν
538 1348 661 1427 συηηενῆ
685 1342 772 1424 (scil.
797 1342 920 1422 Σόλωνι)
943 1340 1024 1406 καθά
1048 1366 1118 1427 φησι
1142 1339 1320 1424 Σωσικαίτης.
1557 1364 1579 1431 b

277 1499 327 1568 (tf.
352 1502 502 1568 Aristot.
527 1499 658 1567 Athen.
683 1498 789 1587 Hesp.
815 1499 922 1568 XVII
945 1503 974 1567 2.

171 1621 217 1685 ὂιό
240 1619 290 1684 καὶ
313 1626 444 1708 φανερῶς
468 1625 603 1705 ληροῦσιν
624 1619 700 1699 (οἱ)
720 1620 878 1704 φάσκοντες
902 1621 1044 1706 ἐρώμενον
1068 1618 1141 1684 εἶναι
1163 1619 1369 1705 Πεισίστρατον
1392 1617 1524 1689 Σόλωνος

61 1723 114 1789 καὶ
141 1729 343 1811 συστρατηγεῖν
366 1727 547 1814 (στρατηγεῖν
572 1730 667 1816 pap.)
689 1728 719 1790 ἐν
747 1732 788 1810 τῷ
815 1727 885 1812 πρὸς
918 1725 1075 1814 Μεγαρέας
1105 1726 1226 1811 πολέμῳ
1256 1722 1320 1810 περὶ
1350 1724 1524 1831 Σαλαμῖνος

59 1828 98 1894 οὐ
122 1831 180 1916 γὰρ
203 1831 353 1917 ἐνδέχεται
384 1835 446 1905 ταῖς
469 1831 603 1916 ἡλικίαις,
638 1832 689 1897 ἐάν
712 1857 753 1905 τις
775 1828 982 1916 ἀναλογίζηται
1012 1832 1069 1911 τὸν,
1095 1830 1233 1916 ἑκατέρου
1262 1827 1322 1915 βίον
1353 1825 1403 1892 καί
1425 1824 1474 1914 ἐφ’
1490 1851 1524 1890 ου

61 1933 217 1999 ἀπέθανεν
240 1929 388 2023 ἄρχοντος.
435 1937 476 2005 cf.
501 1936 645 2016 Kaibel,
669 1936 739 2006 Stil
763 1935 837 2005 und
861 1935 952 2005 Text
973 1958 1006 2023 p.
1034 1937 1105 2005 165.

175 2107 372 2179 Gonieoerit
402 2113 581 2198 quispiam
606 2110 838 2180 Aristotelem
872 2110 930 2178 his
954 2111 1072 2179 verbis
1098 2107 1141 2176 ad
1164 2105 1389 2176 Heraclidem
1422 2088 1522 2192 spec-

64 2223 178 2292 tasse,
200 2217 407 2300 praesertim
432 2236 512 2284 cum
537 2213 755 2301 discipulum
777 2213 983 2284 Aristotelis
1009 2213 1184 2282 Phaniam
1208 2209 1409 2281 Heraclidis
1433 2217 1522 2279 tem-

63 2338 197 2405 porum
221 2322 523 2405 computationem
548 2327 590 2387 ut
618 2317 745 2388 falsam
776 2317 984 2406 repudiasse
1013 2339 1123 2405 supra
1153 2316 1348 2386 viderimus
1374 2315 1428 2391 (fr.
1453 2318 1525 2395 20),

61 2430 101 2491 et
126 2421 194 2491 hae
218 2425 386 2509 opinione
410 2422 538 2491 ductus
564 2426 671 2491 etiam
696 2443 786 2509 quae
809 2423 963 2508 legimus
982 2420 1076 2509 apud
1096 2420 1333 2490 Plutarchum
1359 2418 1402 2487 de
1426 2416 1522 2487 bello

62 2535 192 2596 contra
222 2527 448 2611 Megarenses
479 2536 581 2612 gesto
615 2526 705 2603 (Sol.
730 2530 785 2610 8),
821 2534 942 2614 utpote
978 2549 1058 2597 cum
1092 2527 1161 2595 hoc
1195 2525 1273 2596 loco
1310 2526 1524 2593 sententiam

65 2630 171 2701 illam
210 2632 255 2702 ab
294 2632 489 2702 Aristotele
527 2635 788 2719 impugnatam,
826 2632 1056 2701 Pisistratum
1095 2653 1176 2699 cum
1215 2629 1348 2699 Solone
1386 2626 1524 2697 bellum

66 2738 237 2820 gessisse,
261 2739 427 2823 scriptam
451 2738 669 2824 reperiamus
701 2734 838 2813 (πλεύσας
869 2733 915 2800 ἐπὶ
941 2733 1085 2801 Κωλίαοσ
1116 2735 1188 2819 μετὰ
1219 2733 1524 2819 willehemmus),

61 2839 247 2909 Heraclidi
270 2840 506 2927 adscripserit.
566 2840 636 2909 Sed
668 2840 755 2909 haec
787 2839 877 2909 falsa
913 2863 990 2910 esse
1014 2840 1130 2909 elucet
1153 2862 1196 2908 ex
1220 2843 1299 2927 ipso
1324 2838 1521 2923 fragmento

63 2945 154 3026 (27),
188 2945 251 3013 ubi
286 2947 498 3014 sententiam
535 2966 639 3014 suam
670 2943 875 3014 Heraclides
907 2947 1114 3014 testimonio
1140 2943 1285 3013 illorum
1309 2945 1523 3029 scriptorum

63 3046 171 3118 fulcit
201 3047 249 3127 (ὡς
279 3047 349 3112 ἔνιοί
379 3053 485 3134 φασιν).
542 3048 672 3118 Differt
705 3053 815 3134 igitur
848 3053 885 3117 in
921 3071 961 3117 eo
998 3051 1041 3118 ab
1079 3047 1283 3128 Aristotele,
1319 3046 1415 3134 quod
1450 3070 1523 3116 non

63 3151 230 3222 funditus
276 3156 375 3222 reicit
413 3152 507 3240 quod
547 3153 602 3223 illi
639 3153 873 3232 tradiderunt,
919 3159 1028 3224 immo
1067 3155 1173 3222 etiarn
1221 3152 1290 3221 alio
1336 3152 1416 3221 loco
1462 3173 1523 3221 eos

62 3260 266 3345 respexisse
282 3257 423 3326 videtur
441 3258 489 3339 (fr.
510 3265 569 3337 19).
606 3261 810 3343 συστρατηγεῖν
827 3256 923 3345 apud
939 3256 1171 3327 Aristotelem
1195 3253 1422 3327 scribendum
1446 3277 1523 3324 esse

64 3362 159 3432 mihi
184 3362 332 3441 videtur,
356 3384 437 3431 cum
461 3384 533 3431 non
561 3362 604 3432 de
635 3371 751 3432 aetate
781 3364 975 3442 Pisistrati,
1005 3361 1069 3432 sed
1100 3360 1142 3430 de
1170 3365 1247 3431 eius
1279 3384 1360 3431 cum
1390 3359 1523 3431 Solone

63 3465 332 3537 necessitudine
355 3473 492 3552 agatur.

170 3571 282 3642 Posui
305 3572 373 3640 hoo
396 3570 636 3658 fragmentum
659 3595 733 3644 non
757 3577 793 3643 in
817 3572 909 3643 libro
933 3570 999 3657 περὶ
1015 3571 1111 3656 νόμων
1129 3573 1172 3642 ob
1191 3593 1268 3640 eam
1292 3573 1522 3659 potissimum

62 3696 211 3745 causam
237 3675 331 3762 quod
364 3699 437 3746 non
467 3674 706 3745 aPlutarcho
742 3680 821 3763 ipso
857 3698 900 3744 ex
935 3675 1123 3745 Heraclide
1158 3697 1236 3744 esse
1271 3674 1522 3763 depromptum

62 3782 241 3849 existimo.
288 3781 330 3850 ln
353 3787 431 3851 tota
454 3779 600 3850 Solonis
624 3784 700 3850 vite
723 3781 813 3851 duos
846 3784 1022 3868 imprimis
1055 3788 1217 3850 auctores
1248 3783 1409 3866 sequitur
1432 3778 1521 3848 Plu-

64 3883 224 3965 tarchus,
248 3884 483 3972 Hermippum
508 3891 544 3953 et
567 3884 774 3970 Didymum.
822 3884 894 3954 Neo
919 3885 1070 3956 dubium
1095 3907 1172 3954 esse
1193 3891 1313 3971 potest
1337 3888 1424 3971 quin
1446 3905 1520 3971 cap.

68 3994 154 4058 1-6
177 3998 323 4077 excepto
347 3993 462 4076 primo
487 3993 682 4065 enuntiato,
714 3990 809 4078 quod
841 4013 884 4058 ex
915 3990 1072 4076 Didymo
1105 3992 1313 4058 accersitum
1346 3992 1384 4059 in
1407 3989 1522 4058 fronte

64 4096 161 4163 vitae
182 4096 316 4181 posuit,
345 4096 502 4162 maxima
526 4116 569 4162 ex
600 4101 699 4181 parte
731 4094 903 4163 fluxerint
926 4117 969 4164 ex
993 4095 1200 4182 Hermippo,
1233 4095 1374 4180 quibis
1399 4096 1444 4173 (2.
1470 4095 1522 4173 6.)

65 4201 275 4267 nominatur
297 4197 338 4266 cf.
356 4197 572 4283 Begemann.
599 4208 732 4285 quaest.
752 4198 873 4270 Solon.
893 4200 919 4279 I,
942 4198 1182 4269 Holtesmind.
1208 4204 1292 4268 1875
1315 4221 1348 4287 p.
1367 4203 1395 4267 6.
1414 4203 1443 4267 9.
1483 4195 1524 4265 Si

63 4301 284 4371 Plutarchus
308 4325 351 4372 ex
375 4324 415 4373 eo
441 4302 641 4372 Heraclidis
664 4308 881 4373 mentionem
906 4303 1117 4391 desumpsit,
1150 4303 1242 4373 nihil
1266 4312 1320 4372 est
1344 4324 1405 4371 cur
1427 4302 1520 4372 libro

62 4407 130 4492 περὶ
153 4406 249 4491 νόμων
266 4405 513 4477 adscribamus
531 4406 767 4493 fragmentum
785 4415 958 4479 nostrum.
977 4446 1019 4455 -
1038 4406 1253 4479 Sosicratem
1270 4429 1314 4476 ex
1330 4404 1517 4475 Heraclide

63 4512 231 4581 hausisse
256 4521 422 4599 apparet;
446 4514 575 4579 notitia
598 4511 810 4599 philosophi
834 4513 980 4582 obvenit
996 4512 1092 4600 apud
1117 4535 1197 4582 eum
1214 4516 1322 4582 etiam
1344 4511 1445 4596 frgm.
1468 4516 1516 4579 15.

63 4616 107 4685 In
130 4615 231 4701 frgm.
256 4621 298 4685 26
322 4638 365 4685 ex
388 4615 608 4702 Hieronymo
638 4620 867 4703 peripatetico
893 4623 970 4687 orto
1005 4618 1127 4687 hiatus
1163 4616 1270 4706 plane
1307 4615 1516 4701 negligitur:

62 4719 286 4806 βασανιζόμενοι
320 4717 550 4803 ἀναγκαζόμενοί
584 4744 623 4795 τε,
662 4718 809 4784 ἀπολῦσαι
843 4719 956 4796 αὐτούς.
998 4722 1093 4786 πολλὰ
1127 4722 1328 4796 ἐπαινέσαντα,
1370 4719 1518 4806 Φαλάριδι

62 4823 231 4910 ἐχαρίσατο,
255 4822 336 4910 αὐτῷ
355 4826 515 4888 ἐπιθῶνται
540 4824 672 4910 ἔχρησεν.
719 4824 979 4913 Hieronymum
1014 4830 1121 4896 citare
1157 4823 1380 4894 Heraclidem
1416 4826 1446 4888 ἐν
1479 4831 1520 4910 τῷ

62 4926 129 5014 περὶ
163 4931 317 5014 ἐρωτικῶν,
353 4950 433 4998 cum
468 4929 533 4997 DL
566 4927 713 4997 titulum
749 4930 917 4999 exhibeat
951 4930 1095 5015 ἐρωτικός,
1131 4934 1309 5000 neminem
1348 4928 1520 5008 offendet;

64 5030 159 5101 idem
183 5029 337 5119 exempli
360 5036 477 5117 gratia
499 5030 577 5101 fieri
596 5030 759 5101 videmus
784 5036 821 5102 in
839 5033 1046 5103 Aristotelis
1070 5033 1230 5103 eiusdem
1254 5032 1354 5103 tituli
1378 5029 1521 5119 dialogo
