3570 5574
845 1255 871 1322 l.

478 1498 545 1607 De
581 1499 688 1609 vita
723 1494 1000 1608 Heraclidis
1037 1495 1239 1609 Pontici.

236 1721 289 1852 111
314 1806 417 1871 opere
442 1782 614 1867 Diogenis
640 1782 772 1851 Laertii
804 1781 849 1850 ad
873 1782 1096 1852 Heraclidem
1120 1783 1312 1851 Ponticum
1336 1787 1412 1852 vita
1434 1785 1602 1870 pertinet·

131 1902 168 1967 in
191 1897 262 1965 fine
285 1895 369 1965 libri
393 1897 509 1981 quinti
532 1898 552 1963 i.
579 1916 605 1961 e.
631 1897 722 1963 inter
745 1898 993 1983 peripateticos
1017 1894 1202 1966 collocata.
1242 1893 1348 1964 Vitae
1372 1896 1584 1964 Laertianae

130 2005 246 2089 prima
278 2021 360 2086 pars
385 1997 433 2076 (V
450 2003 492 2068 86
511 1997 709 2084 Ἡρακλείδης
732 2035 774 2045 -
797 1999 927 2084 σεμνός),
962 2021 1067 2087 quam
1104 2003 1141 2068 in
1175 2003 1350 2088 principio
1386 2001 1584 2069 uberiorem

131 2108 240 2174 fuisse
264 2105 425 2189 Diogene
455 2125 533 2171 cum
560 2101 673 2171 Suida
704 2126 730 2170 s.
756 2127 787 2170 v.
809 2102 1008 2190 Ἡρακλείδης
1039 2117 1243 2191 comparato
1275 2104 1378 2173 facilc
1407 2105 1475 2173 tibi
1505 2123 1584 2190 pcr-

131 2208 300 2278 suadebis
326 2207 383 2287 (cf.
397 2206 543 2276 Wilam.
568 2207 661 2276 Phil.
680 2206 765 2276 Unt.
790 2207 840 2277 IV
857 2229 890 2294 p.
909 2214 979 2290 46),
1003 2211 1151 2278 nuntios
1176 2207 1219 2278 dc
1242 2207 1443 2278 Heraclidis
1466 2215 1583 2292 gente,

132 2317 325 2399 magistris
349 2313 476 2383 habitu
501 2311 756 2399 complectitur.
794 2315 986 2384 Auctorem
1010 2317 1047 2382 in
1071 2314 1138 2383 hac
1153 2321 1255 2402 parte
1272 2313 1453 2398 Diogenes
1471 2331 1583 2379 unum

131 2418 316 2488 Sotionem
339 2416 473 2486 laudat.
519 2416 610 2485 Tum
631 2416 830 2486 Heraclidis
854 2439 968 2503 genus
994 2417 1133 2488 dicendi
1158 2426 1193 2487 et
1217 2441 1273 2487 ars
1298 2416 1461 2503 dialogos
1486 2437 1582 2486 com-

129 2521 288 2610 ponendi
320 2525 529 2591 aestimatur
553 2518 602 2596 (V
618 2528 661 2591 86
684 2522 803 2607 φέρεται
827 2521 854 2585 δ’
870 2521 960 2586 αὐτοῦ
987 2559 1023 2570 -
1049 2522 1083 2588 V
1099 2528 1141 2592 89
1165 2522 1351 2609 ψυχαγωγεῖν
1374 2522 1478 2593 ἱκανῶς
1502 2519 1586 2584 δυνά-

132 2630 252 2710 μενος);
276 2626 361 2695 huic
383 2630 476 2714 parti
502 2625 597 2695 male
621 2630 781 2705 inseruit,
805 2635 846 2695 ut
862 2625 1065 2697 videbimus
1082 2649 1115 2714 p.
1134 2632 1186 2707 21,
1211 2626 1390 2710 Diogenes
1408 2623 1465 2694 vel
1482 2646 1586 2713 quem

132 2730 341 2818 compilavit
375 2729 577 2814 catalogum
618 2729 722 2800 illum
760 2730 934 2801 librorum
973 2729 1276 2810 Heraclidcorum,
1316 2734 1377 2818 qui
1417 2733 1504 2819 quin
1543 2751 1587 2798 ex

133 2837 327 2922 Hermippo
351 2835 506 2914 fluxerit,
530 2856 610 2904 cum
635 2834 913 2907 Wilamowitcio
939 2836 1048 2915 (Phil.
1075 2835 1159 2906 Unt.
1184 2835 1235 2904 IV
1252 2858 1286 2923 p.
1312 2839 1391 2917 329)
1417 2844 1451 2904 ct
1475 2832 1585 2904 Suse-

131 2939 256 3010 mihlio
282 2938 356 3013 lad.
375 2940 414 3007 [A.
433 2939 474 3008 G.
493 2940 558 3026 Ip.
582 2944 661 3022 494)
694 2940 818 3009 nullus
849 2939 984 3011 dubito.
1041 2940 1083 3008 In
1114 2943 1219 3010 tertia
1246 2948 1347 3027 parte
1371 2938 1419 3017 (V
1438 2941 1584 3021 89-91)

132 3049 287 3132 primum
312 3042 456 3113 affertur
480 3065 524 3113 ex
541 3043 747 3131 Hippoboto
770 3049 920 3114 nuntius
938 3045 1110 3114 Demetrii
1126 3045 1306 3129 Magnetis
1331 3043 1374 3112 de
1397 3042 1586 3113 Heraclide

134 3147 360 3235 tyrannicida
383 3185 424 3194 —
448 3148 563 3217 falsus
599 3152 682 3234 quia
711 3148 901 3219 Ponticum
933 3172 1013 3218 cum
1047 3151 1161 3220 Aenio
1194 3156 1392 3219 commutat
1414 3186 1440 3194 —
1480 3157 1515 3218 et
1543 3147 1586 3217 de

134 3264 245 3322 morte
280 3251 497 3322 Heraclidis:
538 3253 719 3333 Demetrii,
755 3275 826 3322 non
862 3264 902 3323 ut
937 3253 1030 3323 solet
1062 3252 1259 3341 Hermippi‚
1297 3253 1586 3328 narratiunculae

135 3358 313 3442 Diogenes
339 3380 443 3426 suum
469 3356 634 3442 adiungit
657 3361 883 3444 epigramma.
926 3357 1063 3428 Deinde
1080 3380 1170 3446 quae
1182 3358 1399 3446 Hermippus
1417 3356 1459 3426 de
1475 3366 1587 3427 morte

131 3461 331 3531 Heraclidis
349 3465 540 3530 ementitus
557 3469 632 3531 erat
647 3462 856 3531 referuntur.
893 3462 1138 3549 astrasapes,
1159 3460 1265 3527 κλοπαὶ
1282 3462 1366 3532 illae
1385 3460 1434 3545 (V
1446 3467 1497 3532 92.
1515 3469 1585 3544 93),

130 3570 185 3635 cui
204 3566 400 3637 debeantur
417 3570 563 3646 auctori,
580 3587 653 3634 non
670 3566 790 3654 prodit
805 3568 993 3653 Diogenes.
1027 3569 1154 3636 Finem
1170 3568 1255 3637 facit
1271 3566 1378 3636 index
1399 3575 1584 3655 quattuor-

135 3671 247 3740 decim
264 3671 533 3740 Heraclidarum
551 3675 818 3756 cognominium
832 3671 876 3752 lV
886 3679 951 3752 941,
968 3677 1044 3741 sine
1058 3672 1167 3743 dubio
1184 3694 1228 3741 ex
1244 3670 1402 3741 eiusdem
1417 3672 1587 3740 Demetrii

129 3776 221 3847 libro
246 3773 311 3861 περὶ
334 3775 497 3860 ὁμωνύμων
520 3787 640 3855 natus,
674 3784 833 3846 attamen
864 3785 1071 3847 retractato:
1108 3799 1191 3845 nam
1222 3786 1449 3846 enumeratur
1478 3779 1585 3845 etiam

130 3879 336 3949 Heraclides
352 3879 523 3948 Ponticus
548 3883 664 3949 minor
681 3879 829 3968 Didymi
846 3880 1056 3969 discipulus.
1075 3919 1116 3927 -
1141 3881 1326 3951 Summam
1350 3886 1463 3952 totius
1488 3885 1583 3951 vitae

131 3988 163 4053 si
187 3987 320 4071 excipis
344 4004 434 4071 quae
459 4003 480 4051 a
503 3983 682 4054 Demetrio
715 3985 882 4072 Magnete
914 3989 1086 4072 originem
1116 3986 1275 4064 trahunt,
1307 4007 1387 4054 cum
1419 3985 1464 4055 ad
1495 3985 1584 4055 Her-

131 4093 292 4176 mippum
328 4095 519 4166 auctorem,
553 4088 752 4159 Heraclidis
793 4095 1004 4178 scriptorum
1044 4094 1313 4178 peritissimum,
1344 4111 1482 4168 revoco,
1513 4111 1586 4160 non

132 4195 293 4263 aberrare
316 4191 407 4261 mihi
431 4191 553 4264 videor
577 4216 597 4262 a
621 4216 713 4265 vcro.

475 4451 747 4534 Testimonla
773 4453 829 4535 de
856 4454 948 4535 vlla
976 4454 1240 4536 Heraclidis.

238 4669 264 4729 1.
302 4661 365 4729 DL
380 4660 411 4727 V
428 4668 487 4730 86:
508 4659 707 4747 Ἡρακλείδης
724 4660 912 4748 Εὐθύφρονος
923 4661 1136 4747 Ἡρακλεώτης
1152 4669 1202 4727 τοῦ
1216 4664 1335 4740 Πόντου,
1352 4662 1425 4749 ἀνὴρ
1441 4665 1577 4741 πλούσιος

236 4772 264 4834 2.
301 4763 400 4833 Suid.
418 4787 445 4833 S.
463 4789 495 4832 v.
515 4763 727 4851 Ἡρακλείδης
748 4763 948 4850 Ἡρακλείδης
972 4765 1160 4853 Εὐθύφρονος
1184 4763 1344 4854 (Εὔφρονος
1368 4767 1480 4844 codd.)
1504 4771 1586 4855 φιλό-

134 4894 221 4955 σοφος
240 4867 422 4955 Ἡρακλείας
445 4873 495 4952 τῆς
520 4868 639 4946 Πόντου,
669 4870 701 4932 τὸ
734 4869 766 4933 δὲ
798 4870 878 4954 γένος
907 4864 1022 4935 ἄνωθεν
1052 4870 1110 4935 ἀπὸ
1143 4872 1279 4957 Δάμιδος,
1312 4873 1374 4944 ἑνὸς
1397 4879 1453 4936 τῶν
1476 4871 1586 4957 tianen-

136 4974 230 5058 μένων
252 4979 303 5056 τῆς
328 4977 368 5045 εἰς
386 4971 569 5058 Ἡράκλειαν
593 4976 625 5038 ἐκ
649 4974 753 5059 Θηβῶν
776 4972 919 5047 ἀποικίας.
