3570 5574
768 412 807 476 77

61 614 242 699 Lysienee
283 615 421 693 (3-13)
459 611 629 682 laudetur
662 610 860 697 Ἡρακλείδης
898 615 928 676 ἐν
965 618 1001 698 τῇ
1039 620 1193 699 συναγωγῇ
1227 619 1283 677 τῶν
1318 616 1347 677 ἐν
1382 619 1515 698 μουσικῇ.

60 717 181 785 Etiam
207 719 243 784 in
269 717 335 785 hac
359 720 518 788 oratione
542 724 664 785 auctor
687 715 833 786 affertur
856 717 1095 787 Aristoxenus
1120 722 1169 805 (p.
1184 724 1257 797 491,
1276 725 1295 788 3
1314 717 1511 797 Pernaco),

65 841 109 891 ex
132 842 202 907 quo
230 819 341 888 altera
365 824 537 890 orationis
561 843 644 908 pars
670 823 831 902 (11-12)
855 821 963 890 fluxit
985 821 1025 889 cf.
1040 820 1203 909 Westph.
1221 844 1254 909 p.
1277 829 1325 890 14.
1373 823 1515 893 Praeter

61 925 129 994 hos
165 928 408 1004 nominantur,
444 935 483 994 ut
518 929 679 994 omittam
714 923 891 994 Glaucum
917 925 1122 1010 Rheginum
1157 929 1228 995 iam
1259 927 1302 996 ab
1328 926 1515 997 Heraclide

62 1028 261 1109 laudatum,
296 1029 503 1099 Alexander
533 1028 623 1108 (scil.
650 1028 875 1115 Polyhistor)
912 1031 941 1093 ἐν
972 1035 1186 1115 τῇσοναγωγῇ
1216 1036 1274 1093 τῶν
1296 1028 1361 1115 περὶ
1386 1031 1514 1117 Φρυγίας

61 1155 94 1220 p.
131 1140 206 1213 491,
243 1141 282 1204 le
317 1141 352 1202 et
386 1135 584 1204 harmonici
620 1132 765 1219 (καθάπερ
800 1134 827 1197 οί
862 1132 1011 1219 ἁρμονικοί
1045 1145 1142 1220 φασιν)
1183 1157 1215 1222 p.
1249 1140 1323 1215 496,
1352 1140 1372 1204 8
1412 1136 1513 1207 Bern.

63 1236 274 1325 Reperimus
310 1241 420 1322 igitur
451 1261 574 1308 omnes
604 1260 755 1327 quorum
788 1260 826 1306 sc
857 1242 924 1308 niti
959 1241 1169 1309 auctoritate
1203 1240 1333 1327 Lysias
1365 1242 1443 1328 ipse
1477 1245 1514 1310 in

66 1346 249 1429 prooemio
275 1346 445 1412 orationis
470 1343 618 1413 indicat:
643 1344 819 1428 ἐξητημὲνον
841 1343 997 1429 πρόβλημα
1014 1345 1165 1427 ἐπιζητεῖς,
1188 1341 1285 1428 ἀγαθὲ
1299 1341 1516 1430 Ὀνησίκρατες·

62 1452 120 1509 τῶν
142 1470 174 1509 τε
196 1447 252 1532 γὰρ
278 1447 473 1511 Πλατωνικῶν
503 1448 681 1512 οἱπλεῖστοι
706 1447 944 1526 (Heraclides)
976 1445 1024 1511 καί
1047 1452 1104 1510 τῶν
1127 1445 1186 1512 ἀπό
1217 1454 1268 1512 τοῦ
1294 1448 1458 1534 Περιπάτου
1489 1450 1516 1514 oi

63 1545 175 1636 ἄριστοι
200 1553 471 1633 (Aristoxenus)
495 1551 559 1638 περί
583 1577 615 1616 τε
637 1556 687 1636 τῆς
710 1549 837 1639 ἀρχαίας
860 1557 998 1636 μουσικῆς
1022 1551 1157 1626 συντάξαι
1172 1551 1355 1617 ἐσπούδασαν
1378 1550 1427 1616 καί
1451 1551 1516 1639 περί

62 1660 114 1738 τῆς
155 1653 231 1740 αὐτῇ
267 1657 459 1741 γεγενημένης
497 1659 707 1742 παραφθορᾶς·
752 1654 829 1720 ἀλλά
867 1655 922 1741 γὰρ
960 1653 1008 1719 καὶ
1046 1662 1252 1741 γραμματικῶν
1296 1653 1519 1738 (Alexander

64 1759 292 1847 Polyhistor)
324 1757 373 1824 καί
397 1758 560 1846 ἁρμονικῶν
583 1760 609 1824 ol
633 1758 681 1824 ἐπ’
701 1754 789 1845 όίκρον
811 1758 946 1831 παιδείας
969 1759 1145 1842 ἐληλακότες
1168 1761 1279 1845 πολλὴν
1303 1761 1430 1846 σπουδὴν
1453 1759 1518 1848 περὶ

64 1868 148 1927 τοῦτο
171 1862 350 1948 πεποίηνται.
396 1867 557 1953 Apparet
574 1886 645 1934 non
663 1865 775 1934 aliurn
793 1864 970 1950 quendam
988 1864 1223 1949 Heraclidem,
1247 1865 1309 1934 sed
1326 1865 1517 1936 Ponticum

63 1975 227 2037 nostrum
251 1990 272 2037 a
294 1969 489 2038 Plutarcho
513 1969 666 2047 laudari,
689 1991 753 2038 nec
776 1968 926 2038 dubium
951 1975 1006 2037 est
1029 1973 1114 2056 quin
1139 1970 1292 2054 συναγωγὴ
1317 1968 1382 2038 illa
1404 1975 1462 2033 τῶν
1484 1972 1515 2034 ἐν

65 2077 190 2157 μουσικῇ
212 2072 303 2142 liber
326 2072 369 2142 de
394 2096 463 2161 quo
488 2077 628 2159 agimus
657 2071 722 2159 περὶ
746 2078 884 2157 μουσικῆς
908 2076 965 2151 sit,
997 2095 1076 2141 cum
1107 2072 1231 2141 eodem
1255 2073 1361 2145 modo
1384 2073 1518 2143 librum

64 2176 265 2247 Alexandri
282 2178 522 2264 polyhistoris
546 2176 610 2264 περί
627 2177 755 2263 Φρυγίας
779 2177 1010 2247 aPlutaroho
1035 2178 1205 2261 συναγωγὴν
1228 2183 1286 2241 τῶν
1309 2176 1373 2263 περὶ
1390 2176 1519 2264 Φρυγίας

66 2280 262 2366 significari
286 2282 491 2362 videamus;
521 2293 556 2353 et
579 2283 682 2352 facile
706 2281 863 2352 adducor
886 2292 926 2350 ut
948 2285 985 2350 in
1009 2282 1101 2352 libro
1126 2290 1249 2353 nostro
1274 2281 1366 2352 male
1389 2282 1518 2352 tradito

65 2389 96 2450 ἐν
120 2392 244 2472 μουσικῇ
268 2409 311 2456 ex
333 2385 399 2474 περὶ
422 2394 560 2473 μουσικῆς
584 2395 789 2474 corruptum
814 2407 891 2455 esse
915 2385 1064 2456 credam.

173 2490 242 2560 Sed
277 2514 391 2580 usque
427 2514 496 2580 quo
532 2492 730 2562 Heraclidis
765 2493 874 2562 verba
908 2490 1158 2571 extendantur,
1192 2490 1298 2560 valde
1333 2495 1400 2560 viri
1424 2490 1518 2562 docti

66 2595 293 2665 dissentiunt.
362 2595 665 2684 Wyttenhachius
712 2606 746 2664 et
783 2594 1037 2665 Volkmannus
1075 2596 1197 2682 (praef.
1231 2594 1312 2664 edit.
1344 2617 1422 2682 pag.
1448 2595 1518 2677 XI)

67 2709 197 2787 putant
221 2701 337 2771 solum
363 2708 508 2789 caput3
532 2724 575 2771 ex
592 2700 778 2770 Heraclide
801 2701 960 2779 fluxisse,
985 2706 1093 2787 caput
1114 2707 1134 2767 4
1158 2701 1201 2769 ab
1226 2702 1306 2787 ipso
1324 2700 1518 2770 Plutarcho

68 2827 148 2873 esso
179 2804 359 2885 additum3
392 2810 578 2893 sequentia
601 2805 807 2876 Alexandro
838 2804 1061 2892 Polyhistori
1094 2803 1220 2874 deberi.
1267 2801 1519 2892 Westphalius

68 2931 147 2996 pag.
173 2915 223 2977 25.
250 2916 289 2978 61
315 2933 390 2998 sqq.
417 2914 537 2980 omnia
562 2932 652 2999 quae
675 2911 853 2996 capitibus
878 2914 985 2977 3-10
1008 2912 1247 2987 continentur,
1276 2914 1422 2995 excepto
1447 2930 1518 2977 uno

70 3014 134 3083 illo
159 3019 358 3094 enuntiato,
381 3038 450 3102 quo
476 3014 673 3085 Alexandri
697 3017 876 3083 sententia
898 3011 1054 3088 affertur,
1084 3034 1127 3080 ex
1147 3011 1333 3081 Heraclide
1357 3021 1521 3100 excerpta

71 3141 148 3188 esse
172 3120 372 3189 arbitratur.
431 3120 569 3189 Causas
604 3119 736 3207 profert
764 3122 819 3187 vir
850 3116 977 3187 doctus
1001 3117 1082 3185 has:
1122 3123 1155 3198 1)
1180 3115 1386 3186 Alexander
1410 3114 1520 3202 Poly-

69 3223 244 3292 historin
268 3225 361 3294 libro
386 3224 429 3294 de
446 3225 606 3312 Phrygia
620 3234 669 3294 'ut
691 3223 734 3292 de
758 3222 960 3310 Hyagnide,
987 3221 1143 3308 Marsya,
1168 3221 1325 3309 Olympo
1349 3221 1519 3307 Phrygiis

70 3328 219 3409 auletiS,
265 3332 315 3398 ita
353 3351 426 3398 non
465 3329 508 3398 de
545 3328 749 3417 Terpandro
789 3331 983 3414 ceterisque
1021 3329 1180 3414 antiquis
1218 3329 1364 3395 musicis
1407 3328 1522 3412 egisse

70 3433 254 3520 putandus
272 3443 343 3513 est;
367 3440 403 3518 2)
429 3434 589 3503 Glaucus
606 3435 793 3518 Rheginos
817 3455 890 3503 non
914 3454 934 3501 a
955 3430 1161 3510 Plutarcho,
1185 3431 1246 3500 sed
1272 3432 1316 3500 ab
1334 3430 1522 3500 Heraclide

70 3540 217 3616 citatur;
256 3544 292 3620 3)
327 3538 533 3608 Heraclides
569 3539 670 3607 lastis
706 3537 886 3624 Sicyoniis
923 3558 1010 3605 usus
1046 3544 1100 3605 est
1135 3537 1226 3622 (cap.
1252 3539 1304 3615 ol:
1340 3557 1422 3620 ergo
1458 3536 1519 3605 ubi

71 3642 178 3711 iidem
213 3642 296 3712 lasti
332 3642 529 3712 afferuntur
565 3648 612 3730 (p.
646 3649 720 3720 495,
755 3649 795 3710 lo
830 3642 870 3710 cl.
896 3647 970 3719 492,
996 3645 1063 3722 13),
1098 3639 1190 3708 idem
1226 3638 1432 3709 Heraclides
1471 3650 1524 3708 est

71 3755 201 3816 auctor.
262 3748 303 3817 ln
342 3747 400 3816 his
439 3747 641 3836 adstipulor·
679 3750 755 3816 viro
795 3745 917 3823 docto;
958 3768 1048 3834 quae
1087 3749 1233 3831 insuper
1270 3744 1421 3831 profert,
1459 3765 1523 3813 nec

70 3856 281 3940 partitiones
329 3857 404 3921 eius
451 3874 515 3920 nec
560 3851 707 3920 lacunas
752 3872 867 3938 neque
903 3854 1169 3918 enuntiatorum
1204 3850 1522 3918 transmutationes

70 3961 193 4045 probo.
252 3959 535 4045 Dispositionem
571 3955 788 4025 Plutarchus
822 3959 901 4043 ipse
938 3954 1104 4023 ostendit.
1167 3952 1392 4022 Onesicratcs
1428 3956 1522 4022 enim

73 4066 206 4131 amicos
230 4063 274 4132 ad
300 4067 478 4134 orationes
501 4061 686 4131 habendas
717 4065 768 4129 sic
791 4067 962 4148 provocat
992 4062 1082 4146 (cap.
1109 4062 1162 4138 2);
1194 4053 1248 4142 ἄγε
1271 4057 1316 4141 δή,
1340 4052 1364 4120 ὦ
1384 4063 1522 4141 μουσικῆς

73 4173 225 4241 θιασῶται,
248 4166 289 4241 τίς
312 4174 424 4254 πρῶτος
447 4167 594 4254 ἐχρήσατο
618 4171 750 4252 μουσικῇ,
781 4163 967 4250 ἀναμνήσατε
989 4165 1054 4237 τούς
1078 4162 1217 4248 ἑταίρους,
1240 4159 1289 4224 καί
1312 4160 1338 4225 τί
1362 4157 1429 4249 εὗρε
1452 4163 1523 4247 πρὸς

73 4269 190 4357 αὔξησιν
219 4273 325 4356 ταύτης
348 4272 364 4337 ὁ
388 4271 491 4360 χρόνος
514 4269 563 4335 καί
587 4269 659 4344 τίνες
683 4269 830 4355 εὐόόκιμοι
861 4267 1010 4353 γεγόνασιν
1041 4274 1098 4332 τῶν
1121 4267 1172 4352 τὴν
1195 4266 1335 4352 μουσικὴν
1363 4265 1523 4351 ἐπιστήμην

73 4378 373 4466 μεταχειρισαμένων·
407 4377 485 4441 ἀλλὰ
520 4377 576 4462 μὴν
610 4373 660 4439 καί
694 4377 734 4448 εἰς
765 4374 841 4439 πόσα
872 4372 921 4438 καί
952 4376 991 4446 εἰς
1021 4372 1083 4437 τίνα
1106 4371 1250 4459 χρήσιμον
1278 4371 1310 4435 τὸ
1333 4369 1521 4454 ἐπιτήδευμα.

74 4487 127 4554 Do
161 4488 293 4553 virtute
329 4492 363 4552 et
397 4482 553 4552 utilitate
596 4485 682 4551 artis
719 4485 876 4550 musicae
910 4484 1028 4565 agitur
1062 4482 1098 4547 in
1136 4477 1311 4546 Soteriohi
1347 4479 1523 4553 or·atione;

75 4592 255 4678 Lysianae
291 4587 439 4657 eandem
475 4587 749 4674 dispositionem
783 4584 937 4669 legimus
972 4604 1046 4670 cap.
1085 4589 1140 4662 13,
1183 4580 1245 4650 ubi
1279 4579 1361 4648 linit
1393 4578 1523 4665 Lysias

77 4699 290 4766 orationem:
323 4692 447 4778 εἰρηκὼς
476 4691 550 4755 κατὰ
581 4690 699 4775 δύναμιν
730 4688 794 4774 περί
818 4714 849 4752 τε
871 4695 922 4773 τῆς
945 4687 1060 4774 πρώτης
1084 4691 1221 4772 μουσικῆς
1252 4682 1300 4748 καὶ
1324 4688 1380 4746 τῶν
1402 4681 1524 4767 πρώτων

73 4803 197 4886 (πρῶτον
229 4797 341 4876 codd.)
376 4796 518 4883 εὑρόντων
552 4794 642 4879 αὐτὴν
673 4791 722 4857 καί
752 4793 807 4857 ὑπὸ
838 4791 921 4857 τίνων
950 4792 1024 4856 κατὰ
1048 4792 1169 4879 χρόνους
1192 4791 1254 4861 ταῖς
1276 4784 1524 4874 προςεξευρὲσεσιν

73 4902 204 4989 ηὔξηται,
239 4902 420 4967 καταπαόοω
454 4903 502 4966 τὸν
536 4901 629 4986 λόγον.
686 4899 787 4968 Hane
823 4897 1095 4986 dispositionem
1132 4901 1275 4965 secutus
1308 4913 1402 4962 nuno
1434 4912 1523 4979 quae

77 5010 169 5081 libro
193 5009 379 5078 Plutarchi
402 5006 614 5077 Heraclides
637 5011 754 5076 inesse
777 5005 865 5073 mihi
890 5003 1056 5073 videntur
1078 5020 1286 5089 proponam.
