3570 5574
782 405 824 472 ab

179 611 208 674 5.
255 644 297 654 -
320 646 363 655 ·—
384 607 473 678 XVI
491 617 528 678 11
561 610 667 691 (Non.
692 610 782 680 Nor.
808 612 905 693 110);

388 713 608 801 πεπλογραφίκν
620 714 791 786 Varronis
815 716 882 786 tibi
905 717 1049 802 probari
1066 739 1138 787 non
1155 718 1304 788 moleste
1320 718 1402 799 iero,
1419 740 1441 787 a
1457 741 1526 806 quo

282 816 400 887 adbuc
431 817 654 905 Ἣρκκλείὸειον
688 818 781 888 illud
817 842 888 890 non
924 820 1069 889 abstuli.
1129 822 1232 903 Quod
1275 845 1331 892 me
1374 825 1527 894 hortaris

286 921 620 1098 adhlscrlibelndum,
665 927 776 993 amice
819 933 858 994 tu
898 925 1057 1012 quidem,
1103 926 1165 996 sed
1204 949 1260 996 me
1298 931 1387 998 scito
1427 949 1529 1013 agere

286 1048 323 1094 nr
352 1050 363 1094 1
402 1049 510 1097 aru.

182 1168 211 1231 6.
257 1203 297 1211 —
322 1205 362 1214 —
387 1167 533 1237 xvim
564 1170 610 1249 (a.
636 1170 667 1238 d.
686 1168 780 1238 VIH.
806 1168 855 1238 Id.
881 1170 971 1239 Nor.
997 1176 1094 1252 110);

389 1272 442 1340 De
461 1268 678 1360 Ἡρακλειῧείῳ
695 1273 866 1344 Varronis
890 1278 1034 1359 negotia
1058 1274 1172 1352 salsa;
1196 1295 1252 1343 mc
1269 1274 1410 1362 quidem
1436 1276 1528 1346 nihil

287 1397 445 1463 unquam
469 1382 520 1448 sio
544 1379 741 1448 delectavit.

185 1547 365 1621 Ciceronis
385 1550 608 1638 Ἡρακλείδεω(
637 1575 709 1624 non
742 1576 846 1641 porro
871 1563 1180 1625 commemoratur:
1216 1561 1315 1642 patet
1345 1577 1530 1643 nunquam

79 1676 157 1722 esse
192 1655 400 1726 confectum.
459 1657 552 1740 Quid
584 1682 666 1728 vero
697 1659 766 1728 fuit
789 1657 1013 1745 ἹΙρακλείόειον
1036 1658 1231 1729 Varronis?
1288 1660 1419 1728 Forma
1453 1658 1529 1729 dia-

78 1757 196 1841 logice
219 1758 329 1829 luisse
353 1766 593 1851 conscriptum
621 1765 749 1851 liquet:
785 1785 868 1833 nam
899 1767 985 1851 quin
1018 1762 1184 1848 dialogus
1208 1763 1390 1845 Varronis,
1425 1787 1529 1852 quem

80 1873 261 1951 exspectat
297 1865 417 1936 Cicero
453 1870 517 1952 (4),
553 1867 646 1938 idem
681 1869 788 1938 fuerit
823 1877 929 1956 atque
964 1866 1060 1955 quod
1090 1869 1142 1951 (ὁ)
1174 1891 1245 1937 non
1278 1872 1347 1938 iam
1380 1869 1532 1940 abstulit

75 1966 308 2054 Ἡρακλείῧειον,
333 1969 429 2057 quod
454 1976 504 2056 (6)
530 1995 754 2062 summopere
778 1996 859 2042 eum
883 1971 1082 2052 delectarit,
1114 1971 1270 2044 dubitari
1293 1977 1426 2061 nequit.
1474 1975 1531 2043 Ex

80 2095 121 2143 eo
147 2073 241 2161 quod
265 2074 386 2146 Cicero
416 2076 513 2145 hunc
538 2076 707 2147 Varronis
737 2076 920 2163 dialogum
945 2080 1089 2162 negotia
1119 2077 1217 2146 salsa
1240 2100 1317 2148 esse
1339 2078 1530 2163 significat,

80 2176 278 2249 Varronem
313 2184 349 2249 in
384 2182 452 2251 hoc
484 2204 586 2270 opere
617 2182 777 2268 dialogos
810 2180 1009 2252 Heraclidis
1043 2187 1178 2265 κωμικῶς
1207 2183 1425 2268 πεπλασμένους
1455 2206 1532 2253 esso
1574 2262 1575 2265 Ἴ

82 2284 262 2353 imitatum
288 2294 409 2357 nostro
433 2291 508 2355 iure
532 2288 752 2374 colligemus.
799 2287 909 2356 Plura
932 2309 974 2356 ex
998 2286 1178 2355 Ciceronis
1201 2289 1319 2358 verbis
1344 2309 1416 2357 non
1440 2287 1532 2356 offici

82 2386 173 2454 mihi
196 2385 370 2459 ridentur.
417 2392 468 2460 At
490 2391 669 2462 Hiraelius
694 2416 766 2463 non
791 2394 906 2462 solum
933 2393 1065 2478 quibus
1088 2394 1125 2459 in
1149 2390 1252 2461 libris
1276 2391 1532 2479 componendis

80 2488 195 2559 Varro
219 2491 442 2564 Heraclidem
470 2497 514 2566 ad
538 2496 751 2567 imitandum
776 2497 845 2567 sibi
869 2500 1105 2583 proposuerit,
1129 2495 1191 2563 sed
1215 2499 1321 2566 etiam
1345 2518 1416 2584 qua
1437 2498 1480 2566 de
1496 2520 1533 2566 re

82 2597 204 2668 Cicero
240 2601 277 2666 in
307 2598 516 2672 Heraclidae
552 2625 617 2673 suo
652 2609 863 2690 praeparato
900 2622 1002 2688 agere
1037 2601 1200 2680 voluerit,
1236 2622 1274 2669 se
1305 2605 1440 2670 eruisse
1463 2603 1533 2673 sibi

80 2702 279 2788 persuadet
328 2704 504 2776 Adhibita
528 2712 621 2777 enim
647 2708 826 2777 Ciceronis
858 2709 959 2793 epist.
985 2704 1030 2774 ad
1056 2708 1130 2775 Att.
1154 2704 1225 2774 XV
1249 2714 1266 2784 §
1290 2712 1326 2775 3:
1361 2707 1531 2785 „Brutum

83 2811 182 2875 omni
205 2829 241 2876 re
265 2829 336 2894 qua
358 2831 505 2896 possum
532 2816 635 2900 cupio
660 2816 792 2889 iurare,
821 2815 923 2881 cuius
948 2809 990 2878 de
1015 2810 1239 2879 oratiuncula
1262 2810 1355 2879 idem
1380 2820 1414 2881 te
1439 2810 1534 2898 quod

81 2933 139 2980 me
162 2915 292 2981 sentire
323 2914 445 2995 video;
481 2915 543 2985 sed
573 2939 698 3003 parum
731 2916 900 3000 intellego
934 2915 1019 3002 quid
1049 2936 1104 2984 me
1135 2914 1224 2984 velis
1256 2917 1407 2986 scribere
1431 2916 1534 3002 quasi

81 3035 105 3081 a
128 3014 238 3085 Bruto
262 3017 387 3088 habita
411 3025 580 3099 oratione,
604 3044 682 3090 oum
706 3021 768 3090 ille
793 3020 950 3097 ediderit.
997 3022 1059 3106 qui
1082 3018 1226 3088 tandem
1250 3023 1441 3089 convenit?
1487 3042 1532 3088 an

81 3123 135 3189 sic
171 3129 210 3190 ut
245 3125 282 3190 in
317 3130 509 3210 tyrannum
546 3130 620 3195 iure
655 3130 789 3213 optimo
829 3129 995 3194 caesum?
1055 3125 1171 3193 multa
1210 3124 1380 3206 dicentur,
1419 3124 1535 3193 multe

82 3229 284 3298 scribentur
317 3251 338 3298 a
373 3231 488 3311 nobis,
526 3229 587 3299 sed
623 3231 693 3300 alio
729 3230 904 3301 modoet
938 3233 1127 3316 tempore“.
1184 3236 1288 3317 putat
1323 3231 1376 3298 vir
1408 3227 1534 3300 doctus

86 3333 229 3412 (Diall
255 3356 288 3422 p.
306 3338 386 3417 549)
411 3336 616 3406 Ciceronem
645 3342 766 3405 nostro
790 3334 869 3419 loco
894 3342 946 3417 (1)
970 3333 1068 3402 haud
1098 3335 1265 3417 ambigue
1289 3333 1460 3418 denegare
1492 3332 1535 3402 do

85 3449 199 3511 morte
238 3439 398 3509 Caesaris
445 3463 484 3509 eo
524 3441 630 3511 modo
670 3463 739 3528 quo
778 3447 1014 3527 proposuerat
1051 3439 1213 3516 Atticus,
1237 3438 1394 3507 vscilicet
1433 3441 1533 3525 quasi

83 3566 106 3612 a
130 3544 240 3614 Bruto
270 3545 396 3616 habita
428 3550 598 3620 oratione,
632 3545 797 3617 libellum
830 3565 1051 3631 componere,
1088 3552 1124 3611 at
1153 3550 1277 3611 contra
1303 3542 1465 3630 polliceri
1498 3564 1536 3611 se

84 3649 130 3719 de
164 3648 285 3719 eadem
321 3672 357 3718 re
392 3653 429 3718 in
464 3649 674 3720 Heraclides
710 3648 864 3737 quodam
897 3657 1058 3716 acturum
1088 3669 1174 3716 esse.
1229 3647 1353 3733 Itaque
1388 3646 1533 3715 titulum

82 3753 200 3825 libelli
224 3755 369 3837 ‚Caesar
392 3754 434 3827 de
458 3762 693 3842 tyrannorum
711 3757 867 3824 interitu‘
892 3755 1076 3822 coniectat.
1125 3750 1195 3820 Sed
1220 3751 1388 3820 eiCicero
1413 3755 1534 3820 ouius-

83 3881 237 3945 cumque
259 3858 357 3930 modi
380 3859 512 3930 librum
536 3860 578 3929 de
602 3867 715 3931 morte
740 3859 901 3928 Caesaris
926 3860 1077 3928 scribere
1101 3859 1344 3934 constituerat,
1370 3859 1536 3944 potuitne

84 3963 199 4051 dicere
234 3974 551 4048 argumentum
585 3986 662 4033 esse
697 3961 996 4051 componendum,
1034 3966 1198 4051 potuitne
1235 3965 1391 4048 quinque
1426 3964 1534 4030 etiam

83 4069 270 4138 mensibus
294 4077 377 4156 post
401 4071 445 4139 ab
464 4071 584 4138 Attico
609 4091 775 4157 quaerere
800 4067 934 4156 quale
958 4067 1045 4136 velit
1064 4065 1340 4135 Heraclideum?
1386 4065 1436 4136 Ut
1458 4087 1537 4134 mea

83 4173 152 4241 fert
187 4177 320 4262 opinio,
355 4174 475 4245 Cicero
511 4173 575 4244 1110
607 4173 686 4244 1060
716 4174 769 4256 (1)
800 4176 946 4242 omniuo
977 4169 1020 4238 de
1044 4170 1206 4239 Caesaris
1239 4177 1351 4239 morte
1383 4171 1535 4239 scribere

84 4298 232 4366 prorsus
256 4277 419 4363 denegat,
447 4279 637 4367 pollicetur
660 4285 779 4347 autem
803 4280 917 4346 amico
942 4298 980 4345 se
1008 4314 1043 4320 ·-
1069 4296 1140 4362 qua
1163 4274 1205 4343 de
1229 4296 1264 4343 re
1289 4278 1472 4359 ignoratur
1495 4312 1537 4323 -

82 4384 219 4454 librum
241 4406 338 4453 more
362 4383 570 4454 Heracliden
604 4386 884 4470 compositurum
917 4403 1003 4450 esse.
1058 4378 1170 4460 Quem
1201 4401 1263 4447 cur
1293 4382 1331 4448 in
1354 4380 1532 4450 thesauris

83 4491 197 4560 Attici
220 4489 329 4559 latere
353 4490 517 4566 voluerit,
548 4493 685 4563 nescim
720 4487 820 4556 cdere
848 4487 1108 4574 qualiscunque
1131 4483 1221 4553 10161
1243 4487 1371 4570 potuit,
1396 4492 1436 4554 ut
1458 4484 1534 4555 edi-

83 4593 186 4663 derat
208 4598 403 4665 orationem
429 4615 530 4662 suam
548 4594 691 4663 Brutus,
727 4593 787 4670 At,
805 4591 932 4661 dixerit
956 4591 1146 4677 quispiam,
1170 4587 1334 4673 dialogus
1359 4589 1420 4658 ille
1445 4588 1536 4659 Var-

81 4701 183 4768 ronis
214 4698 282 4768 fuit
312 4698 550 4783 logistoricus.
602 4698 683 4767 Non
715 4696 886 4774 conced0;
921 4716 1035 4782 neque
1064 4695 1157 4762 enim
1188 4714 1339 4780 usquam
1363 4689 1534 4763 Varronis

82 4802 542 4889 103161011600Ἡρακλείδεω(
578 4840 618 4849 -
653 4824 697 4870 116
729 4800 891 4885 dialogos
923 4799 1065 4887 quidem
1098 4797 1209 4866 luisse
1231 4798 1299 4866 hos
1324 4807 1464 4867 constat
1488 4836 1538 4877 -,

82 4928 201 5005 neque
220 4905 442 4993 Ἡρακλείδεων
473 4917 535 4976 aut
557 4906 729 4976 Varronis
762 4914 823 4974 aut
854 4905 1033 4974 Ciceronis
1065 4903 1311 4989 logistoricum
1345 4899 1538 4985 significari

82 5009 201 5090 video.
225 5033 441 5099 quamquam
458 5011 637 5080 Himelius
660 5033 693 5098 p.
709 5016 772 5079 330
796 5008 950 5078 affirmat
967 5009 1172 5077 Ciceronem
1197 5006 1242 5076 ad
1259 5009 1333 5076 Att.
1349 5005 1438 5074 XVI
1453 5014 1503 5087 11,
1519 5013 1539 5076 3

1314 5149 1330 5204 3
