3570 5574
964 402 1006 464 66

464 605 544 674 A'et.
569 603 666 672 Piae.
692 603 801 681 1125,
826 607 866 670 13
890 623 921 689 p.
948 607 1012 672 356
1029 601 1077 669 D:

188 712 236 785 60
356 722 612 809 Ἡρακλείδης
647 723 853 809 ((ίίράκλειτος
877 723 907 790 Ε
932 723 1060 803 (Α)ΒΟ)
1083 729 1136 806 γῆν
1159 721 1270 810 ὁμίχλη
1293 722 1503 810 περιεχομένην
1528 724 1639 802 (Stob.
1667 723 1713 790 E:

256 827 498 914 περιειλημμένην
521 828 657 915 Lydus,
682 828 817 908 (A)BC)
841 828 915 895 scil.
940 827 1064 911 σελήνην
1094 826 1175 891 εἶναι.
1213 827 1253 895 cs.
1279 828 1317 896 fr.
1343 833 1394 897 58.
1441 826 1534 896 Plut.
1571 826 1614 895 de
1647 828 1713 896 fac.

257 936 293 1002 in
319 934 402 1002 orba
425 931 533 1001 lunae
557 938 586 999 5.
612 938 640 1001 6.
667 936 718 1000 25.

465 1107 544 1175 Aet.
570 1105 665 1174 Plau.
690 1106 796 1184 1112,
820 1110 841 1172 5
864 1127 895 1191 p.
923 1104 1045 1174 36th

187 1233 231 1304 61
357 1223 607 1310 Ἡρακλείδης
631 1225 646 1290 ὁ
672 1226 848 1298 Ποντικὸς
871 1226 956 1310 νέφος
986 1225 1137 1311 μετάρσιον
1168 1224 1222 1289 ὑπὸ
1254 1226 1409 1312 μεταρσίου
1440 1227 1536 1312 φωτὸς
1565 1252 1716 1311 καταυγα-

256 1329 375 1415 ζόμενον
405 1331 489 1409 (soil.
521 1329 650 1415 κομήτας
680 1330 771 1410 εἶναι).
827 1327 935 1415 ὁμοίως
969 1327 998 1393 δ’
1014 1329 1171 1413 αἰτιολογεῖ
1203 1328 1358 1414 πωγωνίαν
1392 1327 1457 1395 ἅλω
1491 1329 1593 1395 δοκίδα
1628 1330 1714 1395 κίονα

255 1432 304 1498 καί
327 1434 362 1498 ταί
387 1440 511 1518 συγγενῆ
532 1434 650 1510 τούτοις,
675 1434 810 1519 καθάπερ
834 1433 937 1519 ἀμέλει
956 1433 1060 1505 πάντες
1076 1433 1101 1496 οἱ
1120 1432 1353 1518 Περιπατητικοί,
1377 1434 1456 1520 παρὰ
1480 1435 1545 1507 τούς
1569 1441 1650 1515 (om.
1671 1436 1712 1513 B)

255 1544 307 1603 τοδ
331 1537 433 1623 νέφους
456 1536 537 1602 ταυτί
561 1536 693 1623 γίνεσθαι
717 1537 818 1621 (ταάτη
841 1563 865 1622 γ.
888 1537 999 1607 ABG:
1025 1559 1108 1606 corr.
1134 1541 1172 1607 in
1195 1537 1387 1618 Vossianol
1412 1538 1640 1626 σχηματισμούς·

465 1715 545 1781 Aet.
572 1710 668 1782 Plau.
693 1711 745 1780 III
770 1716 820 1790 17,
847 1719 860 1778 1
886 1731 919 1797 p.
946 1711 1075 1781 382D:

186 1836 233 1908 62
357 1831 553 1918 Ἀριστοτέλης
589 1831 637 1896 καί
668 1830 915 1917 Ἡρακλείδης
940 1831 1146 1917 (Ἡράκλειτος
1171 1832 1209 1911 Ο)
1241 1831 1296 1896 ὑπὸ
1318 1837 1369 1896 τοδ
1392 1831 1475 1916 ἡλίου
1501 1834 1585 1910 (scil.
1611 1833 1717 1918 αἰμπω-

256 1941 337 2008 τιδας
375 1935 507 2020 γίνεσθαι
546 1934 595 2000 καί
634 1934 821 2021 πλημμύρας)
861 1936 896 2000 τοί
936 1935 1001 2020 (γάρ
1036 1935 1115 2004 add.
1152 1937 1250 2016 (AlCt
1289 1939 1409 2001 πλεῖστα
1445 1944 1503 2001 τῶν
1541 1938 1718 2024 πνευμάτων

256 2045 399 2112 κινοῦντος
422 2038 470 2104 καί
494 2042 768 2127 συμπεριφέροντος·
798 2039 848 2126 ὑφ’
864 2035 901 2103 ὧν
931 2039 1135 2124 ἐμβαλλόντων
1165 2039 1217 2124 μέν
1247 2041 1475 2126 προωθουμένην
1500 2046 1536 2120 l·
1553 2042 1649 2126 μένων
1675 2043 1716 2118 Β)

255 2144 381 2210 ἀνοιδεῖν
415 2145 466 2228 την
497 2142 680 2230 Ἀτλαντικὴν
716 2144 868 2209 θάλασσαν
898 2142 946 2207 καί
980 2144 1207 2217 κατασκευάζειν
1240 2145 1298 2225 (G2
1323 2145 1555 2231 παρασκευάζειν
1577 2146 1716 2227 (AlssC)

255 2250 308 2334 τὴν
324 2250 508 2334 πλήμμυραν,
525 2250 748 2334 καταληγόντων
770 2247 797 2312 δ’
814 2247 1097 2333 ἀντιπερισπωμένην
1114 2247 1303 2334 ὑπερβαίνειν,
1326 2246 1398 2335 ὅπερ
1415 2249 1489 2314 εἶναι
1504 2251 1555 2334 την
1571 2245 1719 2334 ἄμπωτιν.

465 2420 589 2491 Galen.
614 2423 657 2492 H.
683 2424 747 2492 Ph.
775 2429 814 2492 18
838 2445 870 2509 p.
897 2428 960 2490 610
985 2422 1100 2491 Diels:

188 2545 235 2617 63
356 2542 609 2628 Ἠρακλείδης
633 2544 669 2608 δέ
694 2543 710 2608 δ
735 2544 917 2614 ΙΙοντικδς
948 2541 996 2606 καί
1023 2542 1235 2627 Ἀσκληπιάδης
1258 2543 1273 2607 ὁ
1301 2543 1422 2616 balatu
1447 2542 1591 2631 άνάρμους
1616 2543 1716 2631 (ἀνάρ-

202 2677 223 2722 a
256 2673 326 2733 μους
351 2650 383 2716 A
397 2647 437 2727 Β)
472 2643 575 2730 άγκυυς
599 2645 692 2734 (ὅρους
728 2649 768 2723 Β)
802 2647 852 2719 ταίς
887 2646 981 2734 αίρχαίς
1017 2646 1200 2712 ὑποτίθενται
1235 2647 1427 2729 (ὑποτιίλέντες
1463 2650 1507 2726 Α)
1544 2654 1601 2711 των
1637 2646 1718 2712 ’άλων

258 2748 347 2836 (ὅρων
372 2753 420 2820 Α;
445 2749 527 2837 ὡρῶν
551 2752 598 2819 B:
624 2774 708 2821 eon·¹
735 2751 834 2820 Diels
860 2752 900 2818 σί.
926 2751 1025 2836 lrgm.
1051 2753 1127 2821 bib
1153 2755 1257 2834 init).

464 2924 558 2994 Sext.
584 2925 687 3013 Emp.
713 2925 750 2992 P.
776 2924 819 2992 H.
844 2925 977 2993 11130:

198 3054 219 3123 b
355 3045 613 3132 Ἡρακλείδης
636 3046 676 3110 δέ
700 3046 715 3110 ὁ
742 3045 921 3116 ΙΙοντικός
946 3044 994 3110 καί
1016 3044 1229 3130 Ἀσκληπιάδης
1253 3045 1268 3108 ὁ
1289 3044 1410 3118 Ηιίλυνός
1435 3045 1581 3131 αίνάρμυυς
1605 3041 1713 3130 ὄγκους

258 3152 343 3231 (scil.
369 3151 448 3214 εἷπον
470 3153 521 3234 την
544 3151 659 3215 πάντων
683 3151 756 3215 εἶναι
778 3149 894 3237 αἰρχην).

465 3324 561 3394 ldem
588 3326 666 3393 adv.
692 3333 766 3394 mat
752 3326 858 3393 t.hem
884 3326 936 3393 IX
961 3330 1040 3394 363:

204 3488 222 3531 t·
358 3445 517 3529 Ἀσκληπ
469 3449 571 3530 πιαδης
595 3450 627 3509 δε
616 3445 814 3517 tiluluvt;
846 3444 991 3532 αίνάρμους
1020 3471 1130 3530 οηκους.
1156 3445 1397 3514 -Pseudo-
1410 3446 1518 3515 (Ἀθη).
1557 3446 1717 3533 Recogn

256 3550 308 3619 Ill
340 3556 394 3618 15:
443 3546 731 3637 Asclepiades
714 3575 824 3634 οηκους.
893 3496 1093 3619 Fluxerunt
1139 3485 1225 3618 haec
1264 3572 1308 3618 ex
1346 3550 1557 3637 conipendio
1597 3554 1716 3621 stoico

257 3654 296 3722 ei
322 3654 479 3741 Dielsp.
505 3659 568 3724 248
592 3676 667 3742 sqq.

466 3809 559 3878 Cael.
586 3810 705 3880 Aurei.
730 3810 774 3879 de
798 3812 907 3879 niorb.
935 3821 1024 3880 aeut.
1052 3812 1067 3878 Ι
1094 3817 1147 3877 14;

189 3942 237 4012 64
362 3931 560 4001 Primordia
585 3954 739 4019 namque
768 3936 924 4019 corporis
956 3936 1070 4019 primo
1103 3937 1337 4003 constituerat
1369 3939 1431 4011 (se.
1459 3931 1716 4018 Asclepiades)

202 4062 224 4108 a
257 4045 396 4106 atomos
421 4039 546 4112 (immo
571 4031 701 4120 ὅμως),
725 4037 940 4123 οοιρυεουλυ
965 4036 1151 4106 intellectu
1177 4059 1293 4115 sensa,
1323 4042 1399 4107 sine
1433 4036 1508 4106 ulla
1538 4036 1716 4122 qualitate

257 4141 375 4218 solita,
405 4149 510 4227 atque
539 4163 581 4209 ex
606 4145 708 4211 initio
744 4145 920 4210 concitata
956 4145 1158 4216 monitate:
1195 4143 1466 4212 commutabilia
1488 4140 1712 4211 eoniWell-

257 4252 395 4324 mann).
420 4255 602 4315 aeternum
619 4268 657 4314 se
674 4248 867 4321 moventia,
892 4266 981 4331 quae
998 4267 1064 4314 suo
1090 4249 1234 4315 incursu
1253 4245 1399 4326 offensa,
1424 4249 1560 4316 mutuis
1577 4248 1714 4317 letibus

257 4353 292 4417 in
317 4348 461 4418 infinita
483 4353 640 4437 partium
664 4350 862 4434 fragmenta
894 4348 1082 4418 solvantur
1114 4349 1363 4434 magnitudine
1394 4358 1501 4439 atque
1530 4351 1715 4422 schemate

257 4452 472 4531 differentia,
511 4475 601 4540 quae
640 4477 778 4522 rursum
819 4453 935 4523 eundo
975 4454 1044 4523 sibi
1084 4453 1221 4523 adiecta
1258 4455 1314 4524 vel
1354 4459 1546 4526 coniuncta
1591 4461 1716 4526 omnia

256 4557 393 4627 laeiunt
416 4558 613 4636 sensibilia,
637 4561 709 4627 vim
734 4562 770 4627 in
794 4569 906 4627 semet
940 4561 1149 4628 mutationis
1180 4560 1351 4628 habentia
1383 4567 1446 4629 aut
1474 4582 1536 4648 pei·
1567 4565 1712 4646 magni-

257 4662 418 4731 tudinem
444 4668 507 4730 aut
529 4684 591 4749 per
615 4663 882 4731 multitudinem
907 4672 970 4731 aut
992 4684 1053 4750 per
1076 4664 1221 4732 schema
1243 4670 1307 4732 aut
1331 4685 1393 4749 per
1417 4662 1586 4734 ordinem.
1635 4688 1714 4743 nee,

257 4768 385 4853 inquit,
409 4769 544 4835 ratione
569 4788 684 4835 carere
709 4767 859 4847 videtur,
883 4766 978 4853 quod
1002 4766 1139 4836 nullius
1172 4768 1305 4839 faciant
1334 4767 1519 4855 qualitatis
1552 4790 1713 4857 corpora

258 4870 370 4940 Aliud
394 4875 488 4941 enim
522 4882 652 4958 partes,
684 4871 782 4940 aliud
814 4875 1083 4941 universitatem
1119 4876 1298 4960 sequitur;
1334 4878 1520 4958 argentum
1556 4871 1714 4963 denique

258 4976 380 5046 album
405 4985 469 5055 est,
493 4976 555 5045 sed
579 4980 655 5046 eius
680 4976 853 5047 affrieatio
880 4980 997 5063 nigra:
1023 4980 1207 5065 caprinum
1233 4998 1341 5045 cornu
1368 4980 1520 5063 nigrum,
1544 4977 1608 5047 sed
1633 4983 1714 5051 eius
