3570 5574
843 405 881 468 21

135 607 250 678 soline
290 611 327 677 in
367 605 530 692 catalogo
570 608 761 678 Laertiano
802 607 936 694 dialogi
974 607 1175 677 Heraclidis
1222 617 1488 687 enumerentur,
1533 606 1590 677 vel

130 710 314 800 usquead
338 733 445 799 quam
468 720 603 798 partem
627 711 781 798 catalogi
817 712 1033 799 significatio
1057 712 1188 796 ordlafo
1212 715 1285 781 vim
1309 712 1450 783 habeat.
1498 713 1589 782 Nam

134 828 252 906 aperte
296 815 425 885 dicitur
463 815 686 888 Heraclidem
727 827 761 887 et
795 816 958 901 dialogos
993 825 1027 886 et
1061 816 1133 884 alia
1166 819 1300 903 scripta
1336 819 1592 905 composuisse,

133 921 296 1010 nihilque
322 925 396 991 veri
419 919 537 990 simile
560 924 655 990 inest
679 925 841 1008 opinioni
865 944 986 992 aarum
1020 924 1080 1009 qui
1111 929 1241 1007 putant
1272 921 1476 1007 catalogum
1513 920 1589 990 dia-

132 1029 237 1113 logos
262 1025 361 1095 solos
386 1028 574 1094 continere.
612 1025 683 1094 Sed
704 1028 900 1095 rectissime
917 1034 958 1094 ut
980 1026 1069 1095 mihi
1086 1024 1227 1094 videtur
1243 1024 1363 1096 Hirzel
1379 1025 1402 1094 l.
1419 1023 1442 1093 l.
1461 1027 1589 1094 statuit

135 1138 251 1201 totum
286 1129 488 1215 catalogum
515 1150 536 1196 a
559 1130 718 1215 Diogene
749 1139 874 1219 postea
906 1129 1066 1199 additum
1103 1151 1196 1199 esse:
1232 1153 1305 1201 non
1340 1128 1459 1201 solum
1495 1129 1589 1217 quod

136 1238 245 1307 verba
268 1233 471 1320 catalogum
494 1237 679 1320 sequentia
701 1234 810 1299 τούτων
826 1235 861 1299 τὰ
879 1234 931 1318 μὲν
947 1240 1081 1318 κωμικῶς
1104 1239 1172 1310 κτλ,
1197 1255 1287 1320 quae
1310 1232 1427 1304 solum
1451 1239 1489 1304 in
1512 1234 1588 1304 dia-

133 1341 249 1425 logos,
273 1363 345 1411 non
370 1343 407 1409 in
433 1342 553 1409 omnia
576 1343 709 1427 scripta
732 1348 837 1408 antea
853 1349 1059 1409 enumerata
1075 1337 1247 1425 quadrare
1270 1362 1374 1410 nomo
1392 1361 1465 1408 non
1482 1337 1590 1419 videt,

135 1449 322 1532 aptissimo
347 1467 425 1513 cum
452 1447 569 1516 verbis
594 1447 696 1515 initio
721 1445 877 1529 catalogi
905 1447 1035 1532 positis
1064 1447 1341 1528 coniunguntur,
1376 1442 1437 1513 sed
1474 1442 1519 1513 ob
1553 1441 1589 1511 id

134 1553 364 1637 potissimum
403 1548 497 1636 quod
534 1553 727 1636 posteriore
762 1549 841 1620 loco
874 1549 1008 1635 dialogi
1032 1557 1356 1618 commemorantur
1380 1568 1469 1636 quos
1493 1553 1589 1616 cata·

134 1655 241 1742 logus
266 1677 339 1724 non
363 1657 537 1722 continet:
562 1650 627 1738 περὶ
644 1651 758 1738 ἡδονῆς,
783 1653 847 1739 περὶ
869 1651 1005 1728 ἐξουσίας.
1053 1652 1110 1722 Ex
1134 1673 1204 1739 quo
1229 1655 1390 1739 sequitur
1413 1659 1591 1722 auctorem

136 1758 291 1844 catalogi
315 1757 425 1828 alium
451 1780 528 1826 esse
552 1769 659 1846 atque
683 1781 763 1828 eum
800 1782 842 1828 ex
867 1780 936 1846 quo
972 1758 1154 1826 fluxerunt
1188 1755 1253 1826 illa
1287 1755 1329 1825 da
1368 1755 1590 1841 dialogorum

135 1884 263 1950 genere
286 1871 394 1950 atque
417 1862 538 1934 indole
563 1863 718 1951 stiloque
742 1864 847 1933 dicta.
905 1862 999 1931 Sunt
1030 1865 1140 1946 igitur
1168 1861 1270 1930 haee:
1306 1861 1433 1947 Φέρεται
1456 1859 1486 1925 δ’
1503 1859 1593 1925 αὐτοῦ

137 1968 348 2054 συγγράμματα
379 1967 519 2032 κάλλιστά
552 1992 583 2031 τε
615 1967 663 2033 καὶ
692 1972 828 2034 πλεῖστα·
863 1968 898 2032 τὰ
922 1966 954 2032 δὲ
978 1965 1024 2043 (τοί
1048 1971 1088 2045 τε)
1114 1962 1216 2050 ἄριστα
1241 1964 1379 2050 διάλογοι.
1423 1964 1533 2031 τούτων
1555 1965 1592 2029 τιὶ

137 2073 190 2156 μὲν
214 2078 348 2157 κωμικῶς
375 2072 522 2136 πέπλακεν
545 2071 583 2144 ὡς
605 2073 637 2137 τὸ
661 2071 725 2159 περὶ
750 2071 854 2158 ἡδονῆς
878 2077 927 2136 καὶ
950 2072 981 2136 τὸ
1007 2070 1048 2149 (τὸ
1073 2069 1173 2141 deest
1196 2074 1233 2140 in
1257 2068 1369 2150 codd.)
1392 2068 1458 2154 περὶ
1479 2095 1594 2157 σωφρο-

137 2176 238 2261 σύνης·
270 2177 305 2240 τὰ
339 2174 371 2240 δὲ
402 2181 541 2260 τραγικῶς
572 2175 609 2250 ὡς
640 2177 671 2240 τι)
703 2175 768 2263 περὶ
799 2182 855 2240 τῶν
885 2175 955 2241 καθ’
982 2173 1055 2261 ᾅδην
1086 2173 1134 2239 καὶ
1165 2175 1197 2238 τὸ
1229 2172 1293 2259 περὶ
1317 2173 1466 2261 εὐσεβείας
1488 2172 1539 2238 καὶ
1561 2173 1595 2238 τὸ

138 2278 205 2366 περὶ
228 2279 370 2354 ἐξουσίας·
399 2279 457 2345 ἔστι
481 2280 509 2345 δ’
525 2279 605 2366 αὐτῷ
623 2279 672 2345 καὶ
697 2282 820 2366 μεσότης
844 2308 885 2355 τις
909 2281 1062 2366 ὁμιλητικὴ
1086 2278 1255 2366 φιλοσόφων
1272 2303 1303 2343 τε
1326 2277 1375 2344 καὶ
1398 2285 1594 2365 στρατηγικῶν

139 2384 189 2451 καὶ
212 2391 368 2450 πολιτικῶν
392 2384 503 2470 ἀνδρῶν
526 2386 596 2470 πρὸς
620 2383 765 2470 ἀλλήλους
789 2387 1011 2471 διαλεγομένων.
1049 2382 1147 2457 ἄλλοις
1171 2409 1201 2448 τε
1225 2383 1273 2448 καὶ
1297 2388 1328 2448 ἐν
1352 2381 1443 2449 ἅπασι
1466 2381 1595 2456 ποικίλος

131 2511 173 2555 ’τε
195 2489 245 2554 καὶ
267 2491 418 2575 διηρμένος
443 2490 581 2569 (Cobetz
606 2492 778 2576 διῃρημένος
802 2490 914 2566 codd.)
942 2491 992 2574 την
1016 2491 1089 2564 λέξιν
1113 2486 1172 2554 ἐστὶ
1195 2486 1244 2553 καὶ
1274 2491 1459 2576 ψυχαγωγεῖν
1490 2488 1596 2561 ἱκανῶς

141 2594 308 2680 δυνάμενος.
344 2593 436 2664 Huic
462 2598 614 2665 orationi
639 2599 770 2682 optime
794 2600 1004 2681 congruenti
1029 2595 1207 2679 Diogenes
1231 2593 1370 2663 infersit
1393 2593 1596 2678 catalogum

143 2698 260 2776 illum,
285 2721 354 2785 qua
378 2704 413 2768 in
439 2722 474 2768 re
498 2722 559 2768 seu
587 2700 759 2783 Diogenis
783 2721 846 2768 sou
870 2699 1096 2769 librariorum
1121 2697 1282 2767 socordia
1314 2699 1526 2768 factumest
1557 2708 1598 2769 ut

142 2805 253 2874 verba
275 2802 352 2868 ἀλλὰ
376 2803 424 2867 καὶ
448 2803 631 2889 γεωμετρικά
648 2806 723 2868 ἐστιν
740 2803 829 2868 αὐτοῦ
845 2802 894 2868 καὶ
910 2803 1078 2868 διαλεκτικοὶ
1103 2807 1138 2872 in
1163 2801 1281 2872 locum
1305 2802 1414 2891 plane
1438 2802 1596 2873 alienum

143 2908 371 2988 deferrentur,
396 2912 465 2978 nisi
489 2913 602 2979 mavis
620 2912 777 2978 conicere
808 2948 840 2954 -
865 2916 900 2976 et
923 2910 1019 2977 iavet
1042 2914 1263 2977 coniecturae
1288 2906 1379 2977 illud
1395 2907 1473 2972 ἀλλὰ
1490 2905 1538 2972 καὶ
1559 2944 1596 2954 ·«

123 3014 230 3082 -haec
254 3013 363 3083 verba
386 3036 407 3082 a
431 3013 590 3098 Diogene
615 3017 734 3083 nescio
759 3036 801 3082 ex
827 3035 896 3101 quo
922 3013 1019 3082 fonte
1043 3011 1166 3082 addita
1190 3035 1276 3081 esse.

248 3118 528 3202 Distinguuntur
562 3122 631 3187 tria
654 3117 878 3204 dialogorum
901 3138 1047 3204 genera:
1080 3120 1211 3186 comice
1239 3117 1324 3197 ficti,
1356 3120 1489 3202 tragice
1512 3116 1598 3196 ficti,

145 3225 288 3291 tertium
312 3238 437 3308 genus,
462 3222 557 3309 quod
583 3220 645 3290 illo
670 3220 718 3286 καὶ
742 3231 826 3292 ante
849 3222 974 3308 μεσότης
996 3221 1145 3310 planum
1171 3220 1222 3301 fit,
1251 3220 1370 3300 medii,
1403 3224 1441 3290 in
1466 3222 1597 3308 quibus

145 3329 212 3396 viri
235 3330 273 3395 in
297 3326 538 3414 philosophia
572 3330 607 3394 in
638 3325 735 3397 bello
761 3326 927 3413 gerendo,
958 3349 993 3397 re
1017 3325 1164 3415 publica
1187 3324 1472 3395 administranda
1495 3345 1595 3413 prae-

138 3439 282 3500 stantes
317 3430 489 3516 ὁμιλητικῶτ
525 3435 562 3503 ti.
588 3455 614 3500 e.
649 3435 696 3501 im
733 3432 858 3501 eahten
888 3432 1256 3511 Konversationston)
1291 3429 1597 3518 colloquebantur.

147 3535 200 3604 De
223 3538 316 3605 tertii
340 3540 478 3620 generis
504 3536 623 3607 indole
648 3539 811 3606 certiores
836 3536 943 3604 fimus
969 3558 989 3604 a
1013 3536 1181 3605 Cicerone
1204 3533 1249 3603 ad
1273 3532 1313 3615 Q.
1339 3534 1481 3603 fratrem
1505 3533 1600 3602 1115

147 3640 332 3722 Octhov.
358 3663 386 3709 a.
412 3647 453 3710 54
479 3644 528 3710 sic
553 3642 742 3711 scribente:
782 3639 904 3720 „Quod
939 3644 1078 3727 quaeris
1103 3638 1189 3726 quid
1214 3639 1257 3707 de
1280 3637 1354 3709 illis
1378 3638 1481 3708 libris
1506 3636 1597 3715 (scil.

103 3782 110 3787 ·
149 3744 192 3814 de
216 3767 251 3812 re
274 3745 435 3831 publicai
460 3750 601 3831 egerim,
626 3768 715 3832 quos
746 3767 826 3813 cum
856 3766 968 3814 essem
1002 3748 1038 3813 in
1063 3745 1236 3824 Cumano,
1268 3745 1419 3814 scribere
1449 3743 1600 3820 institui,

148 3870 221 3917 non
268 3854 405 3918 cessavi
450 3872 564 3937 neque
607 3872 718 3927 cesso,
766 3848 827 3918 sed
872 3871 977 3936 saepe
1023 3852 1093 3917 iam
1141 3848 1320 3918 scribendi
1362 3856 1476 3919 totum
1515 3867 1599 3915 con-

148 3952 271 4021 silium
295 3957 538 4040 rationemque
563 3957 720 4033 mutavi;
749 3976 830 4023 nam
859 3957 929 4022 iam
958 3952 1099 4023 duobus
1128 3953 1232 4021 factis
1258 3952 1372 4035 libris,
1404 3957 1441 4023 in
1470 3951 1601 4039 quibus

148 4058 424 4129 novendialibus
449 4061 492 4127 iis
517 4059 612 4127 feriis
638 4079 729 4145 quae
754 4059 896 4128 fuerunt
919 4057 1098 4127 Tuditano
1132 4066 1166 4126 et
1199 4056 1346 4144 Aquilio
1380 4057 1602 4133 consulibus,

149 4186 264 4235 sermo
288 4171 342 4232 est
365 4183 386 4230 a
409 4186 464 4231 me
489 4166 676 4232 institutus
696 4163 853 4233 Africani
878 4160 1001 4250 paullo
1019 4170 1100 4230 ante
1121 4170 1270 4231 mortem
1295 4169 1329 4231 et
1345 4161 1470 4240 Laelii,
1494 4159 1603 4238 Phili,

152 4268 304 4347 Manilii,
320 4270 346 4348 ¹)
371 4266 402 4349 Q
428 4266 628 4337 Tuberonis
645 4275 679 4336 et
696 4266 810 4336 Laelii
826 4288 1049 4352 generorum,
1066 4265 1196 4334 Fannii
1213 4273 1248 4335 et
1265 4265 1468 4346 Scaevolae,
1488 4286 1603 4334 sermo

150 4380 268 4441 autam
292 4375 329 4442 in
354 4394 480 4441 novem
507 4381 542 4440 et
566 4372 640 4441 dies
664 4381 698 4440 et
720 4373 832 4441 libros
858 4370 1073 4441 distributus
1098 4368 1141 4438 de
1166 4373 1300 4457 optimo
1325 4380 1423 4441 statu
1446 4371 1602 4440 civitatis

150 4483 186 4543 at
223 4475 266 4544 de
304 4481 439 4563 optimo
480 4480 555 4545 cive
590 4515 631 4522 —
662 4498 748 4543 sane
781 4477 969 4544 texebatur
1004 4496 1094 4562 opus
1129 4473 1311 4545 luculente
1347 4477 1604 4559 hominumque

202 4738 204 4742 Α
255 4755 275 4817 ¹)
299 4753 419 4811 additur
446 4753 525 4824 apud
544 4752 680 4810 Wesenb.
701 4750 733 4806 Ρ.
752 4749 868 4807 Rutilii.
914 4750 973 4812 Sed
999 4749 1056 4815 hic,
1085 4749 1116 4806 irr
1142 4750 1180 4806 iis
1205 4753 1284 4806 certe
1302 4765 1379 4818 quae
1397 4764 1451 4805 nos
1469 4753 1605 4806 tenemus

154 4839 335 4907 fragmentis,
356 4858 504 4910 nusquam
524 4838 665 4907 loquitur,
686 4837 737 4895 sed
759 4836 1057 4904 inducitur-(18,13;
1079 4843 1119 4902 11,
1139 4839 1180 4903 17)
1199 4836 1236 4893 ob
1255 4834 1284 4892 id
1304 4851 1398 4892 unum
1417 4840 1450 4892 ut
1468 4832 1606 4892 relatoris

152 4943 275 4984 munere
299 4926 449 4995 fungatur.
496 4924 602 4993 ltaque
630 4942 688 4982 non
719 4925 749 4981 in
777 4923 1025 4982 interlocutorum
1055 4939 1178 4978 numero
1206 4922 1378 4980 nominatur
1403 4920 1468 4979 loco
1495 4925 1606 4978 nostro.

156 5009 340 5085 Quamquam
359 5011 408 5070 hia
428 5011 551 5068 interest
570 5008 607 5067 ad
626 5011 685 5068 att.
706 5008 748 5068 IV
771 5015 810 5078 ld,
830 5013 854 5066 2.
